name,time,id,event_id,stock_name,sector,fantasy_points_projected,fantasy_points_projected_live,fantasy_points_scored,amount_completed,estimated_price,last_price,ask_price,bid_price
$50 NBA Daily 8/19,2020-08-19T14:00:31.118713,estk_82825eae0106dc30953b227a97f4290a,evt_82825eae0106dc30,Luka Doncic,NBA,53.77,,,,,,,
$50 NBA Daily 8/19,2020-08-19T14:00:31.118743,estk_82825eae0106dc307a763361bd2f9a08,evt_82825eae0106dc30,Joel Embiid,NBA,51.68,,,,,,,
$50 NBA Daily 8/19,2020-08-19T14:00:31.118748,estk_82825eae0106dc30bb115bd4f54ff319,evt_82825eae0106dc30,Kawhi Leonard,NBA,44.79,,,,,,,
$50 NBA Daily 8/19,2020-08-19T14:00:31.118752,estk_82825eae0106dc30a488da70359965f9,evt_82825eae0106dc30,Kristaps Porzingis,NBA,42.71,,,,,,,
$50 NBA Daily 8/19,2020-08-19T14:00:31.118756,estk_82825eae0106dc30f59563a6406f63f4,evt_82825eae0106dc30,Paul George,NBA,41.11,,,,,,,
$50 NBA Daily 8/19,2020-08-19T14:00:31.118761,estk_82825eae0106dc30da4bddbbc347c31f,evt_82825eae0106dc30,Jayson Tatum,NBA,37.4,,,,,,,
$50 NBA Daily 8/19,2020-08-19T14:00:31.118764,estk_82825eae0106dc30a9edb859d18234d0,evt_82825eae0106dc30,Kemba Walker,NBA,33.64,,,,,,,
$50 NBA Daily 8/19,2020-08-19T14:00:31.118768,estk_82825eae0106dc304b8c495d9fa8db90,evt_82825eae0106dc30,Jaylen Brown,NBA,32.52,,,,,,,
$50 NBA Daily 8/19,2020-08-19T14:00:31.118772,estk_82825eae0106dc3077c3d3d4d8ad15c5,evt_82825eae0106dc30,Tobias Harris,NBA,31.86,,,,,,,
$50 NBA Daily 8/19,2020-08-19T14:00:31.118776,estk_82825eae0106dc3063a58b55849249a4,evt_82825eae0106dc30,Al Horford,NBA,28.59,,,,,,,
$50 NBA Daily 8/19,2020-08-19T14:00:31.118780,estk_82825eae0106dc30049fe8ca7bf97ec4,evt_82825eae0106dc30,Marcus Smart,NBA,25.53,,,,,,,
$50 NBA Daily 8/19,2020-08-19T14:00:31.118784,estk_82825eae0106dc30b3147c681557a264,evt_82825eae0106dc30,Josh Richardson,NBA,25.16,,,,,,,
$50 NBA Daily 8/19,2020-08-19T14:00:31.118788,estk_82825eae0106dc30dffaf5f9be93f5bc,evt_82825eae0106dc30,Maxi Kleber,NBA,23.45,,,,,,,
$50 NBA Daily 8/19,2020-08-19T14:00:31.118792,estk_82825eae0106dc306e82fa5f30bdfa80,evt_82825eae0106dc30,Marcus Morris,NBA,22.95,,,,,,,
$50 NBA Daily 8/19,2020-08-19T14:00:31.118796,estk_82825eae0106dc308bf6dd5c69dbd6c9,evt_82825eae0106dc30,Tim Hardaway,NBA,22.88,,,,,,,
$50 NBA Daily 8/19,2020-08-19T14:00:31.118799,estk_82825eae0106dc30af1a06f413850d3c,evt_82825eae0106dc30,Montrezl Harrell,NBA,22.82,,,,,,,
$50 NBA Daily 8/19,2020-08-19T14:00:31.118803,estk_82825eae0106dc306d025fb040fb2e88,evt_82825eae0106dc30,Dorian Finney-Smith,NBA,22.64,,,,,,,
$50 NBA Daily 8/19,2020-08-19T14:00:31.118807,estk_82825eae0106dc3057693decb131a860,evt_82825eae0106dc30,Lou Williams,NBA,21.6,,,,,,,
$50 NBA Daily 8/19,2020-08-19T14:00:31.118810,estk_82825eae0106dc3085e7a39b281a7530,evt_82825eae0106dc30,Ivica Zubac,NBA,21.15,,,,,,,
$50 NBA Daily 8/19,2020-08-19T14:00:31.118814,estk_82825eae0106dc30201a5680f9441b5c,evt_82825eae0106dc30,Daniel Theis,NBA,20.39,,,,,,,
$50 NBA Daily 8/19,2020-08-19T14:00:31.118818,estk_82825eae0106dc30575ca725abf50fd3,evt_82825eae0106dc30,Alec Burks,NBA,18.75,,,,,,,
$50 NBA Daily 8/19,2020-08-19T14:00:31.118821,estk_82825eae0106dc3092bc30f31e413420,evt_82825eae0106dc30,Matisse Thybulle,NBA,18.44,,,,,,,
$50 NBA Daily 8/19,2020-08-19T14:00:31.118828,estk_82825eae0106dc30bc37c5910679509b,evt_82825eae0106dc30,Seth Curry,NBA,17.9,,,,,,,
$50 NBA Daily 8/19,2020-08-19T14:00:31.118832,estk_82825eae0106dc30521208388656c595,evt_82825eae0106dc30,Trey Burke,NBA,17.04,,,,,,,
$50 NBA Daily 8/19,2020-08-19T14:00:31.118835,estk_82825eae0106dc30b402a1af1291a618,evt_82825eae0106dc30,Patrick Beverley,NBA,16.87,,,,,,,
$50 NBA Daily 8/19,2020-08-19T14:00:31.118839,estk_82825eae0106dc30a1e25447b314f889,evt_82825eae0106dc30,Shake Milton,NBA,16.43,,,,,,,
$50 NBA Daily 8/19,2020-08-19T14:00:31.118843,estk_82825eae0106dc30f101f1906b677e1c,evt_82825eae0106dc30,JaMychal Green,NBA,15.07,,,,,,,
$50 NBA Daily 8/19,2020-08-19T14:00:31.118847,estk_82825eae0106dc30233a24e71677893c,evt_82825eae0106dc30,Robert Williams,NBA,13.6,,,,,,,
$50 NBA Daily 8/19,2020-08-19T14:00:31.118850,estk_82825eae0106dc30e9aea717e9a5e7f3,evt_82825eae0106dc30,Reggie Jackson,NBA,12.45,,,,,,,
$50 NBA Daily 8/19,2020-08-19T14:00:31.118854,estk_82825eae0106dc3041d6aa90727d2144,evt_82825eae0106dc30,Brad Wanamaker,NBA,11.78,,,,,,,
$50 NBA Daily 8/19,2020-08-19T14:00:31.118858,estk_82825eae0106dc308c88c133edc67225,evt_82825eae0106dc30,Grant Williams,NBA,10.63,,,,,,,
$50 NBA Daily 8/19,2020-08-19T14:00:31.118861,estk_82825eae0106dc302d6f8355da37442f,evt_82825eae0106dc30,Enes Kanter,NBA,9.51,,,,,,,
$50 NBA Daily 8/19,2020-08-19T14:05:29.126400,estk_82825eae0106dc30953b227a97f4290a,evt_82825eae0106dc30,Luka Doncic,NBA,53.77,,,,15.0300,1.1200,,
$50 NBA Daily 8/19,2020-08-19T14:05:29.126433,estk_82825eae0106dc307a763361bd2f9a08,evt_82825eae0106dc30,Joel Embiid,NBA,51.68,,,,14.0700,1.1000,,
$50 NBA Daily 8/19,2020-08-19T14:05:29.126439,estk_82825eae0106dc30bb115bd4f54ff319,evt_82825eae0106dc30,Kawhi Leonard,NBA,44.79,,,,11.2100,1.0800,,
$50 NBA Daily 8/19,2020-08-19T14:05:29.126443,estk_82825eae0106dc30a488da70359965f9,evt_82825eae0106dc30,Kristaps Porzingis,NBA,42.71,,,,10.5000,1.0800,,
$50 NBA Daily 8/19,2020-08-19T14:05:29.126449,estk_82825eae0106dc30f59563a6406f63f4,evt_82825eae0106dc30,Paul George,NBA,41.11,,,,9.8100,1.0600,,
$50 NBA Daily 8/19,2020-08-19T14:05:29.126453,estk_82825eae0106dc30da4bddbbc347c31f,evt_82825eae0106dc30,Jayson Tatum,NBA,37.4,,,,8.3900,1.0600,,
$50 NBA Daily 8/19,2020-08-19T14:05:29.126458,estk_82825eae0106dc30a9edb859d18234d0,evt_82825eae0106dc30,Kemba Walker,NBA,33.64,,,,7.1300,1.0500,,
$50 NBA Daily 8/19,2020-08-19T14:05:29.126461,estk_82825eae0106dc304b8c495d9fa8db90,evt_82825eae0106dc30,Jaylen Brown,NBA,32.52,,,,6.7500,1.0400,,
$50 NBA Daily 8/19,2020-08-19T14:05:29.126465,estk_82825eae0106dc3077c3d3d4d8ad15c5,evt_82825eae0106dc30,Tobias Harris,NBA,31.86,,,,6.5400,1.0400,,
$50 NBA Daily 8/19,2020-08-19T14:05:29.126469,estk_82825eae0106dc3063a58b55849249a4,evt_82825eae0106dc30,Al Horford,NBA,28.59,,,,5.6500,1.0300,,
$50 NBA Daily 8/19,2020-08-19T14:05:29.126472,estk_82825eae0106dc30049fe8ca7bf97ec4,evt_82825eae0106dc30,Marcus Smart,NBA,25.53,,,,4.9100,1.0300,,
$50 NBA Daily 8/19,2020-08-19T14:05:29.126476,estk_82825eae0106dc30b3147c681557a264,evt_82825eae0106dc30,Josh Richardson,NBA,25.16,,,,4.7200,1.0300,,
$50 NBA Daily 8/19,2020-08-19T14:05:29.126480,estk_82825eae0106dc30dffaf5f9be93f5bc,evt_82825eae0106dc30,Maxi Kleber,NBA,23.45,,,,4.3700,1.0300,,
$50 NBA Daily 8/19,2020-08-19T14:05:29.126483,estk_82825eae0106dc308bf6dd5c69dbd6c9,evt_82825eae0106dc30,Tim Hardaway,NBA,22.88,,,,4.2200,1.0300,,
$50 NBA Daily 8/19,2020-08-19T14:05:29.126487,estk_82825eae0106dc30af1a06f413850d3c,evt_82825eae0106dc30,Montrezl Harrell,NBA,22.82,,,,4.2200,1.0200,,
$50 NBA Daily 8/19,2020-08-19T14:05:29.126490,estk_82825eae0106dc306e82fa5f30bdfa80,evt_82825eae0106dc30,Marcus Morris,NBA,22.95,,,,4.2000,1.0200,,
$50 NBA Daily 8/19,2020-08-19T14:05:29.126494,estk_82825eae0106dc306d025fb040fb2e88,evt_82825eae0106dc30,Dorian Finney-Smith,NBA,22.64,,,,4.1900,1.0300,,
$50 NBA Daily 8/19,2020-08-19T14:05:29.126498,estk_82825eae0106dc3057693decb131a860,evt_82825eae0106dc30,Lou Williams,NBA,21.6,,,,3.9800,1.0300,,
$50 NBA Daily 8/19,2020-08-19T14:05:29.126502,estk_82825eae0106dc3085e7a39b281a7530,evt_82825eae0106dc30,Ivica Zubac,NBA,21.15,,,,3.9000,1.0200,,
$50 NBA Daily 8/19,2020-08-19T14:05:29.126505,estk_82825eae0106dc30201a5680f9441b5c,evt_82825eae0106dc30,Daniel Theis,NBA,20.39,,,,3.7200,1.0200,,
$50 NBA Daily 8/19,2020-08-19T14:05:29.126509,estk_82825eae0106dc3092bc30f31e413420,evt_82825eae0106dc30,Matisse Thybulle,NBA,18.44,,,,3.4200,1.0200,,
$50 NBA Daily 8/19,2020-08-19T14:05:29.126512,estk_82825eae0106dc30575ca725abf50fd3,evt_82825eae0106dc30,Alec Burks,NBA,18.75,,,,3.4100,1.0200,,
$50 NBA Daily 8/19,2020-08-19T14:05:29.126518,estk_82825eae0106dc30bc37c5910679509b,evt_82825eae0106dc30,Seth Curry,NBA,17.9,,,,3.2300,1.0200,,
$50 NBA Daily 8/19,2020-08-19T14:05:29.126521,estk_82825eae0106dc30521208388656c595,evt_82825eae0106dc30,Trey Burke,NBA,17.04,,,,3.1300,1.0200,,
$50 NBA Daily 8/19,2020-08-19T14:05:29.126525,estk_82825eae0106dc30b402a1af1291a618,evt_82825eae0106dc30,Patrick Beverley,NBA,16.87,,,,3.0900,1.0200,,
$50 NBA Daily 8/19,2020-08-19T14:05:29.126529,estk_82825eae0106dc30a1e25447b314f889,evt_82825eae0106dc30,Shake Milton,NBA,16.43,,,,3.0300,1.0200,,
$50 NBA Daily 8/19,2020-08-19T14:05:29.126536,estk_82825eae0106dc30f101f1906b677e1c,evt_82825eae0106dc30,JaMychal Green,NBA,15.07,,,,2.8100,1.0200,,
$50 NBA Daily 8/19,2020-08-19T14:05:29.126540,estk_82825eae0106dc30233a24e71677893c,evt_82825eae0106dc30,Robert Williams,NBA,13.6,,,,2.6500,1.0100,,
$50 NBA Daily 8/19,2020-08-19T14:05:29.126543,estk_82825eae0106dc30e9aea717e9a5e7f3,evt_82825eae0106dc30,Reggie Jackson,NBA,12.45,,,,2.4400,1.0100,,
$50 NBA Daily 8/19,2020-08-19T14:05:29.126549,estk_82825eae0106dc3041d6aa90727d2144,evt_82825eae0106dc30,Brad Wanamaker,NBA,11.78,,,,2.3800,1.0100,,
$50 NBA Daily 8/19,2020-08-19T14:05:29.126553,estk_82825eae0106dc308c88c133edc67225,evt_82825eae0106dc30,Grant Williams,NBA,10.63,,,,2.2500,1.0100,,
$50 NBA Daily 8/19,2020-08-19T14:05:29.126556,estk_82825eae0106dc302d6f8355da37442f,evt_82825eae0106dc30,Enes Kanter,NBA,9.51,,,,2.1400,1.0100,,
$50 NBA Daily 8/19,2020-08-19T21:59:56.974481,estk_82825eae0106dc30953b227a97f4290a,evt_82825eae0106dc30,Luka Doncic,NBA,53.77,53.77,0,0,15.1100,9.7300,16.9100,
$50 NBA Daily 8/19,2020-08-19T21:59:56.974511,estk_82825eae0106dc307a763361bd2f9a08,evt_82825eae0106dc30,Joel Embiid,NBA,51.68,51.68,0,0,14.1100,9.6900,15.8900,
$50 NBA Daily 8/19,2020-08-19T21:59:56.974516,estk_82825eae0106dc30bb115bd4f54ff319,evt_82825eae0106dc30,Kawhi Leonard,NBA,44.79,44.79,0,0,11.1900,8.8900,12.9100,
$50 NBA Daily 8/19,2020-08-19T21:59:56.974520,estk_82825eae0106dc30a488da70359965f9,evt_82825eae0106dc30,Kristaps Porzingis,NBA,42.71,42.71,0,0,10.3800,8.5600,12.0900,
$50 NBA Daily 8/19,2020-08-19T21:59:56.974525,estk_82825eae0106dc30f59563a6406f63f4,evt_82825eae0106dc30,Paul George,NBA,41.11,41.11,0,0,9.7900,8.4100,11.4900,
$50 NBA Daily 8/19,2020-08-19T21:59:56.974529,estk_82825eae0106dc30da4bddbbc347c31f,evt_82825eae0106dc30,Jayson Tatum,NBA,37.4,37.4,0,0,8.4500,7.7100,10.1200,
$50 NBA Daily 8/19,2020-08-19T21:59:56.974533,estk_82825eae0106dc30a9edb859d18234d0,evt_82825eae0106dc30,Kemba Walker,NBA,33.64,33.64,0,0,7.2000,6.9200,8.8400,
$50 NBA Daily 8/19,2020-08-19T21:59:56.974537,estk_82825eae0106dc304b8c495d9fa8db90,evt_82825eae0106dc30,Jaylen Brown,NBA,32.52,32.52,0,0,6.7800,6.5500,8.4200,
$50 NBA Daily 8/19,2020-08-19T21:59:56.974541,estk_82825eae0106dc3077c3d3d4d8ad15c5,evt_82825eae0106dc30,Tobias Harris,NBA,31.86,31.86,0,0,6.6000,6.3700,8.2300,
$50 NBA Daily 8/19,2020-08-19T21:59:56.974545,estk_82825eae0106dc3063a58b55849249a4,evt_82825eae0106dc30,Al Horford,NBA,28.59,28.59,0,0,5.6700,5.4100,7.2800,
$50 NBA Daily 8/19,2020-08-19T21:59:56.974549,estk_82825eae0106dc30049fe8ca7bf97ec4,evt_82825eae0106dc30,Marcus Smart,NBA,25.53,25.53,0,0,4.8400,4.6300,6.4400,
$50 NBA Daily 8/19,2020-08-19T21:59:56.974553,estk_82825eae0106dc30b3147c681557a264,evt_82825eae0106dc30,Josh Richardson,NBA,25.16,25.16,0,0,4.7600,4.5300,6.3600,
$50 NBA Daily 8/19,2020-08-19T21:59:56.974557,estk_82825eae0106dc30dffaf5f9be93f5bc,evt_82825eae0106dc30,Maxi Kleber,NBA,23.45,23.45,0,0,4.3900,4.1500,5.9800,
$50 NBA Daily 8/19,2020-08-19T21:59:56.974561,estk_82825eae0106dc306e82fa5f30bdfa80,evt_82825eae0106dc30,Marcus Morris,NBA,22.95,22.95,0,0,4.2700,4.0200,5.8600,
$50 NBA Daily 8/19,2020-08-19T21:59:56.974565,estk_82825eae0106dc308bf6dd5c69dbd6c9,evt_82825eae0106dc30,Tim Hardaway,NBA,22.88,22.88,0,0,4.2600,4.0300,5.8500,
$50 NBA Daily 8/19,2020-08-19T21:59:56.974569,estk_82825eae0106dc30af1a06f413850d3c,evt_82825eae0106dc30,Montrezl Harrell,NBA,22.82,22.82,0,0,4.2100,4.0100,5.7900,
$50 NBA Daily 8/19,2020-08-19T21:59:56.974573,estk_82825eae0106dc306d025fb040fb2e88,evt_82825eae0106dc30,Dorian Finney-Smith,NBA,22.64,22.64,0,0,4.2000,3.9500,5.7800,
$50 NBA Daily 8/19,2020-08-19T21:59:56.974577,estk_82825eae0106dc3057693decb131a860,evt_82825eae0106dc30,Lou Williams,NBA,21.6,21.6,0,0,3.9700,3.7800,5.5500,
$50 NBA Daily 8/19,2020-08-19T21:59:56.974582,estk_82825eae0106dc3085e7a39b281a7530,evt_82825eae0106dc30,Ivica Zubac,NBA,21.15,21.15,0,0,3.9200,3.7000,5.5000,
$50 NBA Daily 8/19,2020-08-19T21:59:56.974586,estk_82825eae0106dc30201a5680f9441b5c,evt_82825eae0106dc30,Daniel Theis,NBA,20.39,20.39,0,0,3.7300,3.5200,5.3000,
$50 NBA Daily 8/19,2020-08-19T21:59:56.974590,estk_82825eae0106dc30575ca725abf50fd3,evt_82825eae0106dc30,Alec Burks,NBA,18.75,18.75,0,0,3.4500,3.2600,5.0200,
$50 NBA Daily 8/19,2020-08-19T21:59:56.974594,estk_82825eae0106dc3092bc30f31e413420,evt_82825eae0106dc30,Matisse Thybulle,NBA,18.44,18.44,0,0,3.2900,3.2200,4.8600,
$50 NBA Daily 8/19,2020-08-19T21:59:56.974598,estk_82825eae0106dc30bc37c5910679509b,evt_82825eae0106dc30,Seth Curry,NBA,17.9,17.9,0,0,3.2600,3.1400,4.8300,
$50 NBA Daily 8/19,2020-08-19T21:59:56.974602,estk_82825eae0106dc30b402a1af1291a618,evt_82825eae0106dc30,Patrick Beverley,NBA,16.87,16.87,0,0,3.1200,2.9900,4.6800,
$50 NBA Daily 8/19,2020-08-19T21:59:56.974606,estk_82825eae0106dc30521208388656c595,evt_82825eae0106dc30,Trey Burke,NBA,17.04,17.04,0,0,3.0400,3.0100,4.6000,
$50 NBA Daily 8/19,2020-08-19T21:59:56.974610,estk_82825eae0106dc30a1e25447b314f889,evt_82825eae0106dc30,Shake Milton,NBA,16.43,16.43,0,0,2.9600,2.9300,4.5200,
$50 NBA Daily 8/19,2020-08-19T21:59:56.974614,estk_82825eae0106dc30f101f1906b677e1c,evt_82825eae0106dc30,JaMychal Green,NBA,15.07,15.07,0,0,2.7800,2.7700,4.3400,
$50 NBA Daily 8/19,2020-08-19T21:59:56.974618,estk_82825eae0106dc30233a24e71677893c,evt_82825eae0106dc30,Robert Williams,NBA,13.6,13.6,0,0,2.6000,2.5700,4.1500,
$50 NBA Daily 8/19,2020-08-19T21:59:56.974622,estk_82825eae0106dc30e9aea717e9a5e7f3,evt_82825eae0106dc30,Reggie Jackson,NBA,12.45,12.45,0,0,2.4700,2.4400,4.0200,
$50 NBA Daily 8/19,2020-08-19T21:59:56.974625,estk_82825eae0106dc3041d6aa90727d2144,evt_82825eae0106dc30,Brad Wanamaker,NBA,11.78,11.78,0,0,2.3600,2.3800,3.9100,
$50 NBA Daily 8/19,2020-08-19T21:59:56.974629,estk_82825eae0106dc308c88c133edc67225,evt_82825eae0106dc30,Grant Williams,NBA,10.63,10.63,0,0,2.2500,2.2900,3.8000,
$50 NBA Daily 8/19,2020-08-19T21:59:56.974633,estk_82825eae0106dc302d6f8355da37442f,evt_82825eae0106dc30,Enes Kanter,NBA,9.51,9.51,0,0,2.1200,2.1900,3.6600,
$50 NBA Daily 8/19,2020-08-19T22:47:31.478407,estk_82825eae0106dc307a763361bd2f9a08,evt_82825eae0106dc30,Joel Embiid,NBA,51.68,56.4,5.75,0.02,14.1000,9.6900,15.8900,12.3200
$50 NBA Daily 8/19,2020-08-19T22:47:31.478425,estk_82825eae0106dc30da4bddbbc347c31f,evt_82825eae0106dc30,Jayson Tatum,NBA,37.4,41.4,4.75,0.02,8.5700,7.7100,10.1200,5.1700
$50 NBA Daily 8/19,2020-08-19T22:47:31.478429,estk_82825eae0106dc30a9edb859d18234d0,evt_82825eae0106dc30,Kemba Walker,NBA,33.64,32.97,0,0.02,7.2600,6.9200,8.8400,5.6100
$50 NBA Daily 8/19,2020-08-19T22:47:31.478433,estk_82825eae0106dc304b8c495d9fa8db90,evt_82825eae0106dc30,Jaylen Brown,NBA,32.52,31.37,-0.5,0.02,6.8100,6.5500,8.4200,5.1700
$50 NBA Daily 8/19,2020-08-19T22:47:31.478437,estk_82825eae0106dc3077c3d3d4d8ad15c5,evt_82825eae0106dc30,Tobias Harris,NBA,31.86,31.22,0,0.02,6.6300,6.3700,8.2300,7.7300
$50 NBA Daily 8/19,2020-08-19T22:47:31.478441,estk_82825eae0106dc3063a58b55849249a4,evt_82825eae0106dc30,Al Horford,NBA,28.59,28.02,0,0.02,5.6300,5.4100,7.2800,6.7800
$50 NBA Daily 8/19,2020-08-19T22:47:31.478445,estk_82825eae0106dc30049fe8ca7bf97ec4,evt_82825eae0106dc30,Marcus Smart,NBA,25.53,25.02,0,0.02,4.8200,4.6300,6.4400,5.9400
$50 NBA Daily 8/19,2020-08-19T22:47:31.478449,estk_82825eae0106dc30b3147c681557a264,evt_82825eae0106dc30,Josh Richardson,NBA,25.16,26.66,2,0.02,4.7600,4.5300,6.3600,5.1700
$50 NBA Daily 8/19,2020-08-19T22:47:31.478478,estk_82825eae0106dc30201a5680f9441b5c,evt_82825eae0106dc30,Daniel Theis,NBA,20.39,19.48,-0.5,0.02,3.6400,3.5200,5.3000,4.8000
$50 NBA Daily 8/19,2020-08-19T22:47:31.478483,estk_82825eae0106dc30575ca725abf50fd3,evt_82825eae0106dc30,Alec Burks,NBA,18.75,18.38,0,0.02,3.4300,3.2600,5.0200,4.5200
$50 NBA Daily 8/19,2020-08-19T22:47:31.478487,estk_82825eae0106dc3092bc30f31e413420,evt_82825eae0106dc30,Matisse Thybulle,NBA,18.44,18.07,0,0.02,3.3400,3.2200,4.8600,4.3600
$50 NBA Daily 8/19,2020-08-19T22:47:31.478502,estk_82825eae0106dc30a1e25447b314f889,evt_82825eae0106dc30,Shake Milton,NBA,16.43,17.6,1.5,0.02,2.9900,2.9300,4.5200,4.0200
$50 NBA Daily 8/19,2020-08-19T22:47:31.478509,estk_82825eae0106dc30233a24e71677893c,evt_82825eae0106dc30,Robert Williams,NBA,13.6,13.33,0,0.02,2.6300,2.5700,4.1500,3.6500
$50 NBA Daily 8/19,2020-08-19T22:47:31.478516,estk_82825eae0106dc3041d6aa90727d2144,evt_82825eae0106dc30,Brad Wanamaker,NBA,11.78,11.54,0,0.02,2.3800,2.3800,3.9100,3.4100
$50 NBA Daily 8/19,2020-08-19T22:47:31.478520,estk_82825eae0106dc308c88c133edc67225,evt_82825eae0106dc30,Grant Williams,NBA,10.63,10.42,0,0.02,2.2700,2.2900,3.8000,3.3000
$50 NBA Daily 8/19,2020-08-19T22:47:31.478524,estk_82825eae0106dc302d6f8355da37442f,evt_82825eae0106dc30,Enes Kanter,NBA,9.51,9.32,0,0.02,2.1200,2.1900,3.6600,3.1600
$50 NBA Daily 8/19,2020-08-19T22:48:32.324535,estk_82825eae0106dc307a763361bd2f9a08,evt_82825eae0106dc30,Joel Embiid,NBA,51.68,57.88,7.75,0.03,16.0000,9.6900,15.8900,14.1800
$50 NBA Daily 8/19,2020-08-19T22:48:32.324578,estk_82825eae0106dc30da4bddbbc347c31f,evt_82825eae0106dc30,Jayson Tatum,NBA,37.4,41.03,4.75,0.03,9.7400,7.7100,10.1200,8.0500
$50 NBA Daily 8/19,2020-08-19T22:48:32.324586,estk_82825eae0106dc30a9edb859d18234d0,evt_82825eae0106dc30,Kemba Walker,NBA,33.64,34.63,2,0.03,6.8200,6.9200,8.8400,5.6100
$50 NBA Daily 8/19,2020-08-19T22:48:32.324590,estk_82825eae0106dc304b8c495d9fa8db90,evt_82825eae0106dc30,Jaylen Brown,NBA,32.52,31.04,-0.5,0.03,6.4300,6.5500,8.4200,5.1700
$50 NBA Daily 8/19,2020-08-19T22:48:32.324594,estk_82825eae0106dc3077c3d3d4d8ad15c5,evt_82825eae0106dc30,Tobias Harris,NBA,31.86,30.9,0,0.03,6.2700,6.3700,8.2300,5.1700
$50 NBA Daily 8/19,2020-08-19T22:48:32.324598,estk_82825eae0106dc3063a58b55849249a4,evt_82825eae0106dc30,Al Horford,NBA,28.59,27.73,0,0.03,5.3400,5.4100,7.2800,4.0200
$50 NBA Daily 8/19,2020-08-19T22:48:32.324602,estk_82825eae0106dc30b3147c681557a264,evt_82825eae0106dc30,Josh Richardson,NBA,25.16,26.41,2,0.03,5.0400,4.5300,6.3600,3.4400
$50 NBA Daily 8/19,2020-08-19T22:48:32.324606,estk_82825eae0106dc30049fe8ca7bf97ec4,evt_82825eae0106dc30,Marcus Smart,NBA,25.53,24.76,0,0.03,4.6500,4.6300,6.4400,3.2200
$50 NBA Daily 8/19,2020-08-19T22:48:32.324671,estk_82825eae0106dc30201a5680f9441b5c,evt_82825eae0106dc30,Daniel Theis,NBA,20.39,20.78,1,0.03,3.5500,3.5200,5.3000,2.6400
$50 NBA Daily 8/19,2020-08-19T22:48:32.324676,estk_82825eae0106dc30575ca725abf50fd3,evt_82825eae0106dc30,Alec Burks,NBA,18.75,18.19,0,0.03,3.3000,3.2600,5.0200,2.2700
$50 NBA Daily 8/19,2020-08-19T22:48:32.324684,estk_82825eae0106dc3092bc30f31e413420,evt_82825eae0106dc30,Matisse Thybulle,NBA,18.44,17.89,0,0.03,3.2000,3.2200,4.8600,2.2700
$50 NBA Daily 8/19,2020-08-19T22:48:32.324687,estk_82825eae0106dc30a1e25447b314f889,evt_82825eae0106dc30,Shake Milton,NBA,16.43,17.44,1.5,0.03,3.0700,2.9300,4.5200,1.5100
$50 NBA Daily 8/19,2020-08-19T22:48:32.324702,estk_82825eae0106dc30233a24e71677893c,evt_82825eae0106dc30,Robert Williams,NBA,13.6,13.19,0,0.03,2.5300,2.5700,4.1500,1.0800
$50 NBA Daily 8/19,2020-08-19T22:48:32.324710,estk_82825eae0106dc3041d6aa90727d2144,evt_82825eae0106dc30,Brad Wanamaker,NBA,11.78,11.43,0,0.03,2.2900,2.3800,3.9100,
$50 NBA Daily 8/19,2020-08-19T22:48:32.324714,estk_82825eae0106dc308c88c133edc67225,evt_82825eae0106dc30,Grant Williams,NBA,10.63,10.31,0,0.03,2.1700,2.2900,3.8000,
$50 NBA Daily 8/19,2020-08-19T22:48:32.324717,estk_82825eae0106dc302d6f8355da37442f,evt_82825eae0106dc30,Enes Kanter,NBA,9.51,9.22,0,0.03,2.0700,2.1900,3.6600,
$50 NBA Daily 8/19,2020-08-19T22:49:33.112894,estk_82825eae0106dc307a763361bd2f9a08,evt_82825eae0106dc30,Joel Embiid,NBA,51.68,57.36,7.75,0.04,16.5600,9.6900,17.8200,14.7300
$50 NBA Daily 8/19,2020-08-19T22:49:33.112940,estk_82825eae0106dc30da4bddbbc347c31f,evt_82825eae0106dc30,Jayson Tatum,NBA,37.4,40.65,4.75,0.04,9.5400,7.7100,11.2300,8.0500
$50 NBA Daily 8/19,2020-08-19T22:49:33.112944,estk_82825eae0106dc30a9edb859d18234d0,evt_82825eae0106dc30,Kemba Walker,NBA,33.64,34.29,2,0.04,7.3600,6.9200,8.8400,5.7100
$50 NBA Daily 8/19,2020-08-19T22:49:33.112948,estk_82825eae0106dc304b8c495d9fa8db90,evt_82825eae0106dc30,Jaylen Brown,NBA,32.52,30.72,-0.5,0.04,6.2000,6.5500,8.4200,5.1700
$50 NBA Daily 8/19,2020-08-19T22:49:33.112952,estk_82825eae0106dc3077c3d3d4d8ad15c5,evt_82825eae0106dc30,Tobias Harris,NBA,31.86,31.84,1.25,0.04,6.0700,6.3700,8.2300,5.1700
$50 NBA Daily 8/19,2020-08-19T22:49:33.112957,estk_82825eae0106dc3063a58b55849249a4,evt_82825eae0106dc30,Al Horford,NBA,28.59,27.45,0,0.04,5.2500,5.4100,7.2800,4.0200
$50 NBA Daily 8/19,2020-08-19T22:49:33.112961,estk_82825eae0106dc30b3147c681557a264,evt_82825eae0106dc30,Josh Richardson,NBA,25.16,26.15,2,0.04,4.9600,4.5300,6.3600,3.4400
$50 NBA Daily 8/19,2020-08-19T22:49:33.112965,estk_82825eae0106dc30049fe8ca7bf97ec4,evt_82825eae0106dc30,Marcus Smart,NBA,25.53,24.01,-0.5,0.04,4.5100,4.6300,6.4400,3.2200
$50 NBA Daily 8/19,2020-08-19T22:49:33.112994,estk_82825eae0106dc30201a5680f9441b5c,evt_82825eae0106dc30,Daniel Theis,NBA,20.39,20.57,1,0.04,3.6800,3.5200,5.3000,2.6400
$50 NBA Daily 8/19,2020-08-19T22:49:33.112999,estk_82825eae0106dc30575ca725abf50fd3,evt_82825eae0106dc30,Alec Burks,NBA,18.75,18,0,0.04,3.2400,3.2600,5.0200,2.2700
$50 NBA Daily 8/19,2020-08-19T22:49:33.113007,estk_82825eae0106dc3092bc30f31e413420,evt_82825eae0106dc30,Matisse Thybulle,NBA,18.44,17.2,-0.5,0.04,3.2000,3.2200,4.8600,2.2700
$50 NBA Daily 8/19,2020-08-19T22:49:33.113014,estk_82825eae0106dc30a1e25447b314f889,evt_82825eae0106dc30,Shake Milton,NBA,16.43,17.27,1.5,0.04,3.0900,2.9300,4.5200,1.5300
$50 NBA Daily 8/19,2020-08-19T22:49:33.113026,estk_82825eae0106dc30233a24e71677893c,evt_82825eae0106dc30,Robert Williams,NBA,13.6,13.06,0,0.04,2.4500,2.5700,4.1500,1.0800
$50 NBA Daily 8/19,2020-08-19T22:49:33.113033,estk_82825eae0106dc3041d6aa90727d2144,evt_82825eae0106dc30,Brad Wanamaker,NBA,11.78,11.31,0,0.04,2.2800,2.3800,3.9100,
$50 NBA Daily 8/19,2020-08-19T22:49:33.113037,estk_82825eae0106dc308c88c133edc67225,evt_82825eae0106dc30,Grant Williams,NBA,10.63,10.2,0,0.04,2.2000,2.2900,3.8000,
$50 NBA Daily 8/19,2020-08-19T22:49:33.113041,estk_82825eae0106dc302d6f8355da37442f,evt_82825eae0106dc30,Enes Kanter,NBA,9.51,9.13,0,0.04,2.0400,2.1900,3.6600,
$50 NBA Daily 8/19,2020-08-19T22:50:33.856947,estk_82825eae0106dc307a763361bd2f9a08,evt_82825eae0106dc30,Joel Embiid,NBA,51.68,56.85,7.75,0.05,16.5600,9.6900,18.3900,14.7300
$50 NBA Daily 8/19,2020-08-19T22:50:33.856992,estk_82825eae0106dc30da4bddbbc347c31f,evt_82825eae0106dc30,Jayson Tatum,NBA,37.4,40.28,4.75,0.05,9.5400,7.7100,11.2300,8.0500
$50 NBA Daily 8/19,2020-08-19T22:50:33.856996,estk_82825eae0106dc30a9edb859d18234d0,evt_82825eae0106dc30,Kemba Walker,NBA,33.64,33.46,1.5,0.05,7.3600,6.9200,8.8400,5.7100
$50 NBA Daily 8/19,2020-08-19T22:50:33.857000,estk_82825eae0106dc304b8c495d9fa8db90,evt_82825eae0106dc30,Jaylen Brown,NBA,32.52,30.39,-0.5,0.05,6.2000,6.5500,7.8200,5.1700
$50 NBA Daily 8/19,2020-08-19T22:50:33.857004,estk_82825eae0106dc3077c3d3d4d8ad15c5,evt_82825eae0106dc30,Tobias Harris,NBA,31.86,34.27,4,0.05,6.0700,6.3700,7.6900,5.1700
$50 NBA Daily 8/19,2020-08-19T22:50:33.857008,estk_82825eae0106dc3063a58b55849249a4,evt_82825eae0106dc30,Al Horford,NBA,28.59,27.16,0,0.05,5.2500,5.4100,7.2800,4.0200
$50 NBA Daily 8/19,2020-08-19T22:50:33.857012,estk_82825eae0106dc30b3147c681557a264,evt_82825eae0106dc30,Josh Richardson,NBA,25.16,25.9,2,0.05,4.9600,4.5300,6.3600,3.4400
$50 NBA Daily 8/19,2020-08-19T22:50:33.857017,estk_82825eae0106dc30049fe8ca7bf97ec4,evt_82825eae0106dc30,Marcus Smart,NBA,25.53,23.75,-0.5,0.05,4.5100,4.6300,6.4400,3.2200
$50 NBA Daily 8/19,2020-08-19T22:50:33.857046,estk_82825eae0106dc30201a5680f9441b5c,evt_82825eae0106dc30,Daniel Theis,NBA,20.39,20.37,1,0.05,3.6800,3.5200,5.3000,2.6400
$50 NBA Daily 8/19,2020-08-19T22:50:33.857050,estk_82825eae0106dc30575ca725abf50fd3,evt_82825eae0106dc30,Alec Burks,NBA,18.75,17.81,0,0.05,3.2400,3.2600,5.0200,2.2700
$50 NBA Daily 8/19,2020-08-19T22:50:33.857058,estk_82825eae0106dc3092bc30f31e413420,evt_82825eae0106dc30,Matisse Thybulle,NBA,18.44,17.02,-0.5,0.05,3.2000,3.2200,4.8600,2.2700
$50 NBA Daily 8/19,2020-08-19T22:50:33.857066,estk_82825eae0106dc30a1e25447b314f889,evt_82825eae0106dc30,Shake Milton,NBA,16.43,19.11,3.5,0.05,3.0900,2.9300,4.5200,1.5300
$50 NBA Daily 8/19,2020-08-19T22:50:33.857078,estk_82825eae0106dc30233a24e71677893c,evt_82825eae0106dc30,Robert Williams,NBA,13.6,12.92,0,0.05,2.4500,2.5700,4.1500,1.0800
$50 NBA Daily 8/19,2020-08-19T22:50:33.857085,estk_82825eae0106dc3041d6aa90727d2144,evt_82825eae0106dc30,Brad Wanamaker,NBA,11.78,11.19,0,0.05,2.2800,2.3800,3.9100,
$50 NBA Daily 8/19,2020-08-19T22:50:33.857089,estk_82825eae0106dc308c88c133edc67225,evt_82825eae0106dc30,Grant Williams,NBA,10.63,10.1,0,0.05,2.2000,2.2900,3.8000,
$50 NBA Daily 8/19,2020-08-19T22:50:33.857093,estk_82825eae0106dc302d6f8355da37442f,evt_82825eae0106dc30,Enes Kanter,NBA,9.51,9.03,0,0.05,2.0400,2.1900,3.6600,
$50 NBA Daily 8/19,2020-08-19T22:52:35.232397,estk_82825eae0106dc307a763361bd2f9a08,evt_82825eae0106dc30,Joel Embiid,NBA,51.68,58.26,11.75,0.1,16.2100,9.6900,18.3900,14.7300
$50 NBA Daily 8/19,2020-08-19T22:52:35.232442,estk_82825eae0106dc30da4bddbbc347c31f,evt_82825eae0106dc30,Jayson Tatum,NBA,37.4,41.16,7.5,0.1,9.3700,7.7100,11.2300,8.0500
$50 NBA Daily 8/19,2020-08-19T22:52:35.232446,estk_82825eae0106dc3077c3d3d4d8ad15c5,evt_82825eae0106dc30,Tobias Harris,NBA,31.86,32.42,3.75,0.1,7.3100,6.3700,8.8600,5.1700
$50 NBA Daily 8/19,2020-08-19T22:52:35.232450,estk_82825eae0106dc30a9edb859d18234d0,evt_82825eae0106dc30,Kemba Walker,NBA,33.64,31.78,1.5,0.1,6.9900,6.9200,8.8400,5.7100
$50 NBA Daily 8/19,2020-08-19T22:52:35.232454,estk_82825eae0106dc304b8c495d9fa8db90,evt_82825eae0106dc30,Jaylen Brown,NBA,32.52,29.52,0.25,0.1,6.0600,6.5500,7.8200,4.8000
$50 NBA Daily 8/19,2020-08-19T22:52:35.232458,estk_82825eae0106dc3063a58b55849249a4,evt_82825eae0106dc30,Al Horford,NBA,28.59,25.73,0,0.1,5.0900,5.4100,6.7100,4.0200
$50 NBA Daily 8/19,2020-08-19T22:52:35.232462,estk_82825eae0106dc30b3147c681557a264,evt_82825eae0106dc30,Josh Richardson,NBA,25.16,25.64,3,0.1,4.7500,4.5300,6.3600,3.4400
$50 NBA Daily 8/19,2020-08-19T22:52:35.232470,estk_82825eae0106dc30049fe8ca7bf97ec4,evt_82825eae0106dc30,Marcus Smart,NBA,25.53,21.98,-1,0.1,4.3300,4.6300,5.8400,3.2200
$50 NBA Daily 8/19,2020-08-19T22:52:35.232496,estk_82825eae0106dc30201a5680f9441b5c,evt_82825eae0106dc30,Daniel Theis,NBA,20.39,19.35,1,0.1,3.5700,3.5200,5.3000,2.6400
$50 NBA Daily 8/19,2020-08-19T22:52:35.232500,estk_82825eae0106dc30a1e25447b314f889,evt_82825eae0106dc30,Shake Milton,NBA,16.43,18.29,3.5,0.1,3.3500,2.9300,4.5200,1.8400
$50 NBA Daily 8/19,2020-08-19T22:52:35.232508,estk_82825eae0106dc30575ca725abf50fd3,evt_82825eae0106dc30,Alec Burks,NBA,18.75,16.88,0,0.1,3.1300,3.2600,5.0200,2.2700
$50 NBA Daily 8/19,2020-08-19T22:52:35.232520,estk_82825eae0106dc3092bc30f31e413420,evt_82825eae0106dc30,Matisse Thybulle,NBA,18.44,17.6,1,0.1,3.0100,3.2200,4.8600,1.7700
$50 NBA Daily 8/19,2020-08-19T22:52:35.232531,estk_82825eae0106dc30233a24e71677893c,evt_82825eae0106dc30,Robert Williams,NBA,13.6,12.24,0,0.1,2.4600,2.5700,4.1500,1.0800
$50 NBA Daily 8/19,2020-08-19T22:52:35.232535,estk_82825eae0106dc3041d6aa90727d2144,evt_82825eae0106dc30,Brad Wanamaker,NBA,11.78,10.6,0,0.1,2.2300,2.3800,3.9100,
$50 NBA Daily 8/19,2020-08-19T22:52:35.232539,estk_82825eae0106dc308c88c133edc67225,evt_82825eae0106dc30,Grant Williams,NBA,10.63,9.57,0,0.1,2.0800,2.2900,3.8000,
$50 NBA Daily 8/19,2020-08-19T22:52:35.232542,estk_82825eae0106dc302d6f8355da37442f,evt_82825eae0106dc30,Enes Kanter,NBA,9.51,8.56,0,0.1,1.9800,2.1900,3.6600,
$50 NBA Daily 8/19,2020-08-19T22:54:36.692944,estk_82825eae0106dc307a763361bd2f9a08,evt_82825eae0106dc30,Joel Embiid,NBA,51.68,59.75,13.75,0.11,17.6600,9.6900,19.5100,
$50 NBA Daily 8/19,2020-08-19T22:54:36.692990,estk_82825eae0106dc30da4bddbbc347c31f,evt_82825eae0106dc30,Jayson Tatum,NBA,37.4,40.79,7.5,0.11,9.7700,7.7100,11.2300,8.1800
$50 NBA Daily 8/19,2020-08-19T22:54:36.692994,estk_82825eae0106dc3077c3d3d4d8ad15c5,evt_82825eae0106dc30,Tobias Harris,NBA,31.86,32.11,3.75,0.11,6.6600,6.3700,8.2300,7.7300
$50 NBA Daily 8/19,2020-08-19T22:54:36.692998,estk_82825eae0106dc30a9edb859d18234d0,evt_82825eae0106dc30,Kemba Walker,NBA,33.64,31.44,1.5,0.11,6.4300,6.9200,8.1100,5.4000
$50 NBA Daily 8/19,2020-08-19T22:54:36.693002,estk_82825eae0106dc304b8c495d9fa8db90,evt_82825eae0106dc30,Jaylen Brown,NBA,32.52,31.19,2.25,0.11,5.7900,6.5500,7.8200,4.8000
$50 NBA Daily 8/19,2020-08-19T22:54:36.693006,estk_82825eae0106dc3063a58b55849249a4,evt_82825eae0106dc30,Al Horford,NBA,28.59,27.45,2,0.11,4.8000,5.4100,6.7100,3.7300
$50 NBA Daily 8/19,2020-08-19T22:54:36.693010,estk_82825eae0106dc30b3147c681557a264,evt_82825eae0106dc30,Josh Richardson,NBA,25.16,26.89,4.5,0.11,4.7500,4.5300,6.3600,3.4400
$50 NBA Daily 8/19,2020-08-19T22:54:36.693036,estk_82825eae0106dc30049fe8ca7bf97ec4,evt_82825eae0106dc30,Marcus Smart,NBA,25.53,21.72,-1,0.11,3.9400,4.6300,5.8400,3.0600
$50 NBA Daily 8/19,2020-08-19T22:54:36.693043,estk_82825eae0106dc30201a5680f9441b5c,evt_82825eae0106dc30,Daniel Theis,NBA,20.39,19.15,1,0.11,3.4000,3.5200,5.3000,2.3800
$50 NBA Daily 8/19,2020-08-19T22:54:36.693052,estk_82825eae0106dc30a1e25447b314f889,evt_82825eae0106dc30,Shake Milton,NBA,16.43,18.12,3.5,0.11,3.2100,2.9300,4.5200,1.8400
$50 NBA Daily 8/19,2020-08-19T22:54:36.693063,estk_82825eae0106dc3092bc30f31e413420,evt_82825eae0106dc30,Matisse Thybulle,NBA,18.44,17.41,1,0.11,3.0600,3.2200,4.8600,1.7700
$50 NBA Daily 8/19,2020-08-19T22:54:36.693067,estk_82825eae0106dc30575ca725abf50fd3,evt_82825eae0106dc30,Alec Burks,NBA,18.75,16.69,0,0.11,2.9500,3.2600,4.5100,1.8600
$50 NBA Daily 8/19,2020-08-19T22:54:36.693079,estk_82825eae0106dc30233a24e71677893c,evt_82825eae0106dc30,Robert Williams,NBA,13.6,12.1,0,0.11,2.2800,2.5700,4.1500,1.0800
$50 NBA Daily 8/19,2020-08-19T22:54:36.693082,estk_82825eae0106dc3041d6aa90727d2144,evt_82825eae0106dc30,Brad Wanamaker,NBA,11.78,10.48,0,0.11,2.1500,2.3800,3.9100,3.4100
$50 NBA Daily 8/19,2020-08-19T22:54:36.693086,estk_82825eae0106dc308c88c133edc67225,evt_82825eae0106dc30,Grant Williams,NBA,10.63,9.46,0,0.11,2.0300,2.2900,3.8000,
$50 NBA Daily 8/19,2020-08-19T22:54:36.693090,estk_82825eae0106dc302d6f8355da37442f,evt_82825eae0106dc30,Enes Kanter,NBA,9.51,8.46,0,0.11,1.9000,2.1900,3.6600,
$50 NBA Daily 8/19,2020-08-19T22:58:39.403018,estk_82825eae0106dc307a763361bd2f9a08,evt_82825eae0106dc30,Joel Embiid,NBA,51.68,60.73,15.25,0.12,17.6100,9.6900,19.5100,15.8100
$50 NBA Daily 8/19,2020-08-19T22:58:39.403064,estk_82825eae0106dc30da4bddbbc347c31f,evt_82825eae0106dc30,Jayson Tatum,NBA,37.4,40.41,7.5,0.12,9.5800,7.7100,11.2300,8.1800
$50 NBA Daily 8/19,2020-08-19T22:58:39.403068,estk_82825eae0106dc3077c3d3d4d8ad15c5,evt_82825eae0106dc30,Tobias Harris,NBA,31.86,31.79,3.75,0.12,6.4800,6.3700,8.2300,5.1700
$50 NBA Daily 8/19,2020-08-19T22:58:39.403072,estk_82825eae0106dc30a9edb859d18234d0,evt_82825eae0106dc30,Kemba Walker,NBA,33.64,31.1,1.5,0.12,6.3000,6.9200,8.1100,5.3500
$50 NBA Daily 8/19,2020-08-19T22:58:39.403076,estk_82825eae0106dc304b8c495d9fa8db90,evt_82825eae0106dc30,Jaylen Brown,NBA,32.52,30.87,2.25,0.12,6.2600,6.5500,7.8200,4.8000
$50 NBA Daily 8/19,2020-08-19T22:58:39.403080,estk_82825eae0106dc3063a58b55849249a4,evt_82825eae0106dc30,Al Horford,NBA,28.59,27.16,2,0.12,5.1600,5.4100,6.7100,3.7300
$50 NBA Daily 8/19,2020-08-19T22:58:39.403085,estk_82825eae0106dc30b3147c681557a264,evt_82825eae0106dc30,Josh Richardson,NBA,25.16,30.14,8,0.12,5.1000,4.5300,6.3600,3.4400
$50 NBA Daily 8/19,2020-08-19T22:58:39.403115,estk_82825eae0106dc30049fe8ca7bf97ec4,evt_82825eae0106dc30,Marcus Smart,NBA,25.53,20.47,-2,0.12,3.7800,4.6300,5.3700,2.9200
$50 NBA Daily 8/19,2020-08-19T22:58:39.403122,estk_82825eae0106dc30201a5680f9441b5c,evt_82825eae0106dc30,Daniel Theis,NBA,20.39,18.94,1,0.12,3.3100,3.5200,5.3000,2.3800
$50 NBA Daily 8/19,2020-08-19T22:58:39.403134,estk_82825eae0106dc30a1e25447b314f889,evt_82825eae0106dc30,Shake Milton,NBA,16.43,17.96,3.5,0.12,3.1100,2.9300,4.5200,1.8400
$50 NBA Daily 8/19,2020-08-19T22:58:39.403137,estk_82825eae0106dc3092bc30f31e413420,evt_82825eae0106dc30,Matisse Thybulle,NBA,18.44,17.23,1,0.12,2.9500,3.2200,4.8600,1.7700
$50 NBA Daily 8/19,2020-08-19T22:58:39.403141,estk_82825eae0106dc30575ca725abf50fd3,evt_82825eae0106dc30,Alec Burks,NBA,18.75,16.5,0,0.12,2.9200,3.2600,4.5100,1.8600
$50 NBA Daily 8/19,2020-08-19T22:58:39.403153,estk_82825eae0106dc30233a24e71677893c,evt_82825eae0106dc30,Robert Williams,NBA,13.6,11.97,0,0.12,2.2300,2.5700,4.1500,1.0800
$50 NBA Daily 8/19,2020-08-19T22:58:39.403156,estk_82825eae0106dc3041d6aa90727d2144,evt_82825eae0106dc30,Brad Wanamaker,NBA,11.78,10.37,0,0.12,2.0600,2.3800,3.9100,
$50 NBA Daily 8/19,2020-08-19T22:58:39.403160,estk_82825eae0106dc308c88c133edc67225,evt_82825eae0106dc30,Grant Williams,NBA,10.63,9.35,0,0.12,1.9700,2.2900,3.8000,
$50 NBA Daily 8/19,2020-08-19T22:58:39.403164,estk_82825eae0106dc302d6f8355da37442f,evt_82825eae0106dc30,Enes Kanter,NBA,9.51,8.37,0,0.12,1.8900,2.1900,3.6600,
$50 NBA Daily 8/19,2020-08-19T23:01:41.551294,estk_82825eae0106dc307a763361bd2f9a08,evt_82825eae0106dc30,Joel Embiid,NBA,51.68,60.16,16.75,0.16,17.8100,9.6900,19.5100,16.0400
$50 NBA Daily 8/19,2020-08-19T23:01:41.551340,estk_82825eae0106dc30da4bddbbc347c31f,evt_82825eae0106dc30,Jayson Tatum,NBA,37.4,38.92,7.5,0.16,8.8500,7.7100,11.2300,8.1800
$50 NBA Daily 8/19,2020-08-19T23:01:41.551344,estk_82825eae0106dc3077c3d3d4d8ad15c5,evt_82825eae0106dc30,Tobias Harris,NBA,31.86,34.51,7.75,0.16,7.2100,6.3700,8.2300,5.1700
$50 NBA Daily 8/19,2020-08-19T23:01:41.551348,estk_82825eae0106dc30a9edb859d18234d0,evt_82825eae0106dc30,Kemba Walker,NBA,33.64,30.76,2.5,0.16,5.9900,6.9200,8.1100,5.3500
$50 NBA Daily 8/19,2020-08-19T23:01:41.551352,estk_82825eae0106dc30b3147c681557a264,evt_82825eae0106dc30,Josh Richardson,NBA,25.16,30.38,9.25,0.16,5.9400,4.5300,7.5100,4.2700
$50 NBA Daily 8/19,2020-08-19T23:01:41.551356,estk_82825eae0106dc304b8c495d9fa8db90,evt_82825eae0106dc30,Jaylen Brown,NBA,32.52,29.57,2.25,0.16,5.6100,6.5500,7.8200,4.8000
$50 NBA Daily 8/19,2020-08-19T23:01:41.551360,estk_82825eae0106dc3063a58b55849249a4,evt_82825eae0106dc30,Al Horford,NBA,28.59,26.02,2,0.16,4.7500,5.4100,6.7100,3.7300
$50 NBA Daily 8/19,2020-08-19T23:01:41.551368,estk_82825eae0106dc30a1e25447b314f889,evt_82825eae0106dc30,Shake Milton,NBA,16.43,24.05,10.25,0.16,4.3200,2.9300,4.5200,2.7300
$50 NBA Daily 8/19,2020-08-19T23:01:41.551394,estk_82825eae0106dc30049fe8ca7bf97ec4,evt_82825eae0106dc30,Marcus Smart,NBA,25.53,21.95,0.5,0.16,3.7400,4.6300,5.1100,2.6700
$50 NBA Daily 8/19,2020-08-19T23:01:41.551409,estk_82825eae0106dc30201a5680f9441b5c,evt_82825eae0106dc30,Daniel Theis,NBA,20.39,17.63,0.5,0.16,2.9900,3.5200,5.3000,2.1100
$50 NBA Daily 8/19,2020-08-19T23:01:41.551417,estk_82825eae0106dc3092bc30f31e413420,evt_82825eae0106dc30,Matisse Thybulle,NBA,18.44,16.49,1,0.16,2.8100,3.2200,4.8600,1.7700
$50 NBA Daily 8/19,2020-08-19T23:01:41.551421,estk_82825eae0106dc30575ca725abf50fd3,evt_82825eae0106dc30,Alec Burks,NBA,18.75,15.75,0,0.16,2.6900,3.2600,4.5100,1.8600
$50 NBA Daily 8/19,2020-08-19T23:01:41.551428,estk_82825eae0106dc308c88c133edc67225,evt_82825eae0106dc30,Grant Williams,NBA,10.63,12.43,3.5,0.16,2.2100,2.2900,3.8000,
$50 NBA Daily 8/19,2020-08-19T23:01:41.551432,estk_82825eae0106dc30233a24e71677893c,evt_82825eae0106dc30,Robert Williams,NBA,13.6,11.42,0,0.16,2.0800,2.5700,4.1500,1.0800
$50 NBA Daily 8/19,2020-08-19T23:01:41.551436,estk_82825eae0106dc3041d6aa90727d2144,evt_82825eae0106dc30,Brad Wanamaker,NBA,11.78,9.9,0,0.16,1.9500,2.3800,3.9100,
$50 NBA Daily 8/19,2020-08-19T23:01:41.551440,estk_82825eae0106dc302d6f8355da37442f,evt_82825eae0106dc30,Enes Kanter,NBA,9.51,7.99,0,0.16,1.7600,2.1900,3.6600,
$50 NBA Daily 8/19,2020-08-19T23:02:42.227589,estk_82825eae0106dc307a763361bd2f9a08,evt_82825eae0106dc30,Joel Embiid,NBA,51.68,59.64,16.75,0.17,17.7100,9.6900,19.5100,16.0400
$50 NBA Daily 8/19,2020-08-19T23:02:42.227634,estk_82825eae0106dc30da4bddbbc347c31f,evt_82825eae0106dc30,Jayson Tatum,NBA,37.4,38.54,7.5,0.17,8.8000,7.7100,10.4800,7.8500
$50 NBA Daily 8/19,2020-08-19T23:02:42.227638,estk_82825eae0106dc3077c3d3d4d8ad15c5,evt_82825eae0106dc30,Tobias Harris,NBA,31.86,34.94,8.5,0.17,7.2400,6.3700,8.8500,5.6000
$50 NBA Daily 8/19,2020-08-19T23:02:42.227642,estk_82825eae0106dc30a9edb859d18234d0,evt_82825eae0106dc30,Kemba Walker,NBA,33.64,31.17,3.25,0.17,5.9700,6.9200,7.5900,4.8500
$50 NBA Daily 8/19,2020-08-19T23:02:42.227647,estk_82825eae0106dc30b3147c681557a264,evt_82825eae0106dc30,Josh Richardson,NBA,25.16,29.63,8.75,0.17,5.9500,4.5300,7.5100,4.3300
$50 NBA Daily 8/19,2020-08-19T23:02:42.227651,estk_82825eae0106dc304b8c495d9fa8db90,evt_82825eae0106dc30,Jaylen Brown,NBA,32.52,30.74,3.75,0.17,5.6400,6.5500,7.2200,4.5800
$50 NBA Daily 8/19,2020-08-19T23:02:42.227655,estk_82825eae0106dc3063a58b55849249a4,evt_82825eae0106dc30,Al Horford,NBA,28.59,25.73,2,0.17,4.7500,5.4100,6.7100,3.7300
$50 NBA Daily 8/19,2020-08-19T23:02:42.227677,estk_82825eae0106dc30a1e25447b314f889,evt_82825eae0106dc30,Shake Milton,NBA,16.43,23.89,10.25,0.17,4.2000,2.9300,5.9100,2.7300
$50 NBA Daily 8/19,2020-08-19T23:02:42.227688,estk_82825eae0106dc30049fe8ca7bf97ec4,evt_82825eae0106dc30,Marcus Smart,NBA,25.53,21.69,0.5,0.17,3.7900,4.6300,5.1100,2.6700
$50 NBA Daily 8/19,2020-08-19T23:02:42.227703,estk_82825eae0106dc30201a5680f9441b5c,evt_82825eae0106dc30,Daniel Theis,NBA,20.39,17.42,0.5,0.17,2.9600,3.5200,4.5200,2.1100
$50 NBA Daily 8/19,2020-08-19T23:02:42.227711,estk_82825eae0106dc3092bc30f31e413420,evt_82825eae0106dc30,Matisse Thybulle,NBA,18.44,16.31,1,0.17,2.7400,3.2200,4.2900,1.7700
$50 NBA Daily 8/19,2020-08-19T23:02:42.227715,estk_82825eae0106dc30575ca725abf50fd3,evt_82825eae0106dc30,Alec Burks,NBA,18.75,15.56,0,0.17,2.6300,3.2600,4.5100,1.8200
$50 NBA Daily 8/19,2020-08-19T23:02:42.227722,estk_82825eae0106dc308c88c133edc67225,evt_82825eae0106dc30,Grant Williams,NBA,10.63,12.32,3.5,0.17,2.2100,2.2900,3.8000,
$50 NBA Daily 8/19,2020-08-19T23:02:42.227726,estk_82825eae0106dc30233a24e71677893c,evt_82825eae0106dc30,Robert Williams,NBA,13.6,11.29,0,0.17,2.1100,2.5700,3.6200,1.0800
$50 NBA Daily 8/19,2020-08-19T23:02:42.227730,estk_82825eae0106dc3041d6aa90727d2144,evt_82825eae0106dc30,Brad Wanamaker,NBA,11.78,9.78,0,0.17,1.9200,2.3800,3.9100,
$50 NBA Daily 8/19,2020-08-19T23:02:42.227733,estk_82825eae0106dc302d6f8355da37442f,evt_82825eae0106dc30,Enes Kanter,NBA,9.51,7.89,0,0.17,1.7800,2.1900,3.6600,
$50 NBA Daily 8/19,2020-08-19T23:07:45.491320,estk_82825eae0106dc307a763361bd2f9a08,evt_82825eae0106dc30,Joel Embiid,NBA,51.68,58.11,16.25,0.19,17.6700,9.6900,19.5100,16.0400
$50 NBA Daily 8/19,2020-08-19T23:07:45.491367,estk_82825eae0106dc30da4bddbbc347c31f,evt_82825eae0106dc30,Jayson Tatum,NBA,37.4,39.04,8.75,0.19,8.7300,7.7100,10.4800,7.7100
$50 NBA Daily 8/19,2020-08-19T23:07:45.491371,estk_82825eae0106dc3077c3d3d4d8ad15c5,evt_82825eae0106dc30,Tobias Harris,NBA,31.86,33.06,7.25,0.19,6.9600,6.3700,8.8500,5.6000
$50 NBA Daily 8/19,2020-08-19T23:07:45.491375,estk_82825eae0106dc30a9edb859d18234d0,evt_82825eae0106dc30,Kemba Walker,NBA,33.64,30.5,3.25,0.19,6.1400,6.9200,7.5900,4.8500
$50 NBA Daily 8/19,2020-08-19T23:07:45.491378,estk_82825eae0106dc304b8c495d9fa8db90,evt_82825eae0106dc30,Jaylen Brown,NBA,32.52,32.09,5.75,0.19,6.0200,6.5500,7.2200,4.5800
$50 NBA Daily 8/19,2020-08-19T23:07:45.491383,estk_82825eae0106dc30b3147c681557a264,evt_82825eae0106dc30,Josh Richardson,NBA,25.16,29.13,8.75,0.19,5.7100,4.5300,7.5100,4.3300
$50 NBA Daily 8/19,2020-08-19T23:07:45.491387,estk_82825eae0106dc3063a58b55849249a4,evt_82825eae0106dc30,Al Horford,NBA,28.59,26.41,3.25,0.19,4.9800,5.4100,6.2000,3.7300
$50 NBA Daily 8/19,2020-08-19T23:07:45.491409,estk_82825eae0106dc30a1e25447b314f889,evt_82825eae0106dc30,Shake Milton,NBA,16.43,23.56,10.25,0.19,4.1900,2.9300,5.9100,2.7300
$50 NBA Daily 8/19,2020-08-19T23:07:45.491421,estk_82825eae0106dc30049fe8ca7bf97ec4,evt_82825eae0106dc30,Marcus Smart,NBA,25.53,21.18,0.5,0.19,3.7200,4.6300,5.1100,2.6700
$50 NBA Daily 8/19,2020-08-19T23:07:45.491436,estk_82825eae0106dc30201a5680f9441b5c,evt_82825eae0106dc30,Daniel Theis,NBA,20.39,17.02,0.5,0.19,2.9100,3.5200,4.5200,2.0700
$50 NBA Daily 8/19,2020-08-19T23:07:45.491444,estk_82825eae0106dc3092bc30f31e413420,evt_82825eae0106dc30,Matisse Thybulle,NBA,18.44,15.94,1,0.19,2.7100,3.2200,4.2900,1.7700
$50 NBA Daily 8/19,2020-08-19T23:07:45.491449,estk_82825eae0106dc30575ca725abf50fd3,evt_82825eae0106dc30,Alec Burks,NBA,18.75,15.19,0,0.19,2.6400,3.2600,4.5100,1.7300
$50 NBA Daily 8/19,2020-08-19T23:07:45.491456,estk_82825eae0106dc308c88c133edc67225,evt_82825eae0106dc30,Grant Williams,NBA,10.63,12.11,3.5,0.19,2.2400,2.2900,3.8000,
$50 NBA Daily 8/19,2020-08-19T23:07:45.491460,estk_82825eae0106dc30233a24e71677893c,evt_82825eae0106dc30,Robert Williams,NBA,13.6,11.02,0,0.19,2.0500,2.5700,3.6200,1.0800
$50 NBA Daily 8/19,2020-08-19T23:07:45.491463,estk_82825eae0106dc3041d6aa90727d2144,evt_82825eae0106dc30,Brad Wanamaker,NBA,11.78,11.04,1.5,0.19,1.9200,2.3800,3.9100,
$50 NBA Daily 8/19,2020-08-19T23:07:45.491467,estk_82825eae0106dc302d6f8355da37442f,evt_82825eae0106dc30,Enes Kanter,NBA,9.51,7.7,0,0.19,1.7500,2.1900,3.6600,
$50 NBA Daily 8/19,2020-08-19T23:08:46.165113,estk_82825eae0106dc307a763361bd2f9a08,evt_82825eae0106dc30,Joel Embiid,NBA,51.68,61.08,20.25,0.21,17.2000,9.6900,19.5100,16.0400
$50 NBA Daily 8/19,2020-08-19T23:08:46.165159,estk_82825eae0106dc30da4bddbbc347c31f,evt_82825eae0106dc30,Jayson Tatum,NBA,37.4,39.8,10.25,0.21,8.9600,7.7100,10.4800,7.7100
$50 NBA Daily 8/19,2020-08-19T23:08:46.165163,estk_82825eae0106dc3077c3d3d4d8ad15c5,evt_82825eae0106dc30,Tobias Harris,NBA,31.86,32.42,7.25,0.21,6.7200,6.3700,8.3500,5.6000
$50 NBA Daily 8/19,2020-08-19T23:08:46.165167,estk_82825eae0106dc304b8c495d9fa8db90,evt_82825eae0106dc30,Jaylen Brown,NBA,32.52,36.94,11.25,0.21,6.4600,6.5500,8.0900,4.8300
$50 NBA Daily 8/19,2020-08-19T23:08:46.165171,estk_82825eae0106dc30a9edb859d18234d0,evt_82825eae0106dc30,Kemba Walker,NBA,33.64,29.83,3.25,0.21,6.0000,6.9200,7.5900,4.8500
$50 NBA Daily 8/19,2020-08-19T23:08:46.165175,estk_82825eae0106dc30b3147c681557a264,evt_82825eae0106dc30,Josh Richardson,NBA,25.16,28.63,8.75,0.21,5.5600,4.5300,7.5100,4.3300
$50 NBA Daily 8/19,2020-08-19T23:08:46.165179,estk_82825eae0106dc3063a58b55849249a4,evt_82825eae0106dc30,Al Horford,NBA,28.59,25.84,3.25,0.21,4.8600,5.4100,6.2000,3.7300
$50 NBA Daily 8/19,2020-08-19T23:08:46.165202,estk_82825eae0106dc30a1e25447b314f889,evt_82825eae0106dc30,Shake Milton,NBA,16.43,23.23,10.25,0.21,4.0900,2.9300,5.9100,2.7300
$50 NBA Daily 8/19,2020-08-19T23:08:46.165213,estk_82825eae0106dc30049fe8ca7bf97ec4,evt_82825eae0106dc30,Marcus Smart,NBA,25.53,20.67,0.5,0.21,3.5900,4.6300,5.1100,2.6700
$50 NBA Daily 8/19,2020-08-19T23:08:46.165232,estk_82825eae0106dc30201a5680f9441b5c,evt_82825eae0106dc30,Daniel Theis,NBA,20.39,16.61,0.5,0.21,2.8300,3.5200,4.5200,2.0000
$50 NBA Daily 8/19,2020-08-19T23:08:46.165236,estk_82825eae0106dc3092bc30f31e413420,evt_82825eae0106dc30,Matisse Thybulle,NBA,18.44,15.57,1,0.21,2.6400,3.2200,4.2900,1.7700
$50 NBA Daily 8/19,2020-08-19T23:08:46.165240,estk_82825eae0106dc30575ca725abf50fd3,evt_82825eae0106dc30,Alec Burks,NBA,18.75,14.81,0,0.21,2.5500,3.2600,4.5100,1.7300
$50 NBA Daily 8/19,2020-08-19T23:08:46.165248,estk_82825eae0106dc308c88c133edc67225,evt_82825eae0106dc30,Grant Williams,NBA,10.63,11.9,3.5,0.21,2.1400,2.2900,3.8000,
$50 NBA Daily 8/19,2020-08-19T23:08:46.165252,estk_82825eae0106dc30233a24e71677893c,evt_82825eae0106dc30,Robert Williams,NBA,13.6,10.74,0,0.21,2.0500,2.5700,3.6200,1.0800
$50 NBA Daily 8/19,2020-08-19T23:08:46.165256,estk_82825eae0106dc3041d6aa90727d2144,evt_82825eae0106dc30,Brad Wanamaker,NBA,11.78,10.81,1.5,0.21,2.0500,2.3800,3.9100,
$50 NBA Daily 8/19,2020-08-19T23:08:46.165260,estk_82825eae0106dc302d6f8355da37442f,evt_82825eae0106dc30,Enes Kanter,NBA,9.51,7.51,0,0.21,1.7200,2.1900,3.6600,
$50 NBA Daily 8/19,2020-08-19T23:09:46.877230,estk_82825eae0106dc307a763361bd2f9a08,evt_82825eae0106dc30,Joel Embiid,NBA,51.68,60.56,20.25,0.22,18.3100,9.6900,20.1800,16.4400
$50 NBA Daily 8/19,2020-08-19T23:09:46.877276,estk_82825eae0106dc30da4bddbbc347c31f,evt_82825eae0106dc30,Jayson Tatum,NBA,37.4,42.92,13.75,0.22,9.0800,7.7100,10.4800,7.7100
$50 NBA Daily 8/19,2020-08-19T23:09:46.877280,estk_82825eae0106dc304b8c495d9fa8db90,evt_82825eae0106dc30,Jaylen Brown,NBA,32.52,36.62,11.25,0.22,8.1400,6.5500,9.8000,6.4800
$50 NBA Daily 8/19,2020-08-19T23:09:46.877284,estk_82825eae0106dc3077c3d3d4d8ad15c5,evt_82825eae0106dc30,Tobias Harris,NBA,31.86,32.1,7.25,0.22,6.4900,6.3700,8.1200,5.6000
$50 NBA Daily 8/19,2020-08-19T23:09:46.877287,estk_82825eae0106dc30a9edb859d18234d0,evt_82825eae0106dc30,Kemba Walker,NBA,33.64,29.49,3.25,0.22,5.7000,6.9200,7.5900,4.8000
$50 NBA Daily 8/19,2020-08-19T23:09:46.877292,estk_82825eae0106dc30b3147c681557a264,evt_82825eae0106dc30,Josh Richardson,NBA,25.16,29.12,9.5,0.22,5.3000,4.5300,6.9100,4.3300
$50 NBA Daily 8/19,2020-08-19T23:09:46.877296,estk_82825eae0106dc3063a58b55849249a4,evt_82825eae0106dc30,Al Horford,NBA,28.59,25.55,3.25,0.22,4.6300,5.4100,6.2000,3.7300
$50 NBA Daily 8/19,2020-08-19T23:09:46.877325,estk_82825eae0106dc30a1e25447b314f889,evt_82825eae0106dc30,Shake Milton,NBA,16.43,23.07,10.25,0.22,3.8900,2.9300,5.9100,2.7300
$50 NBA Daily 8/19,2020-08-19T23:09:46.877329,estk_82825eae0106dc30049fe8ca7bf97ec4,evt_82825eae0106dc30,Marcus Smart,NBA,25.53,20.41,0.5,0.22,3.3900,4.6300,5.1100,2.3800
$50 NBA Daily 8/19,2020-08-19T23:09:46.877349,estk_82825eae0106dc30201a5680f9441b5c,evt_82825eae0106dc30,Daniel Theis,NBA,20.39,16.4,0.5,0.22,2.7400,3.5200,4.5200,1.8300
$50 NBA Daily 8/19,2020-08-19T23:09:46.877353,estk_82825eae0106dc3092bc30f31e413420,evt_82825eae0106dc30,Matisse Thybulle,NBA,18.44,15.38,1,0.22,2.5500,3.2200,4.2900,1.6400
$50 NBA Daily 8/19,2020-08-19T23:09:46.877360,estk_82825eae0106dc30575ca725abf50fd3,evt_82825eae0106dc30,Alec Burks,NBA,18.75,14.63,0,0.22,2.4600,3.2600,4.0100,1.5800
$50 NBA Daily 8/19,2020-08-19T23:09:46.877365,estk_82825eae0106dc308c88c133edc67225,evt_82825eae0106dc30,Grant Williams,NBA,10.63,13.04,4.75,0.22,2.1000,2.2900,3.8000,
$50 NBA Daily 8/19,2020-08-19T23:09:46.877369,estk_82825eae0106dc3041d6aa90727d2144,evt_82825eae0106dc30,Brad Wanamaker,NBA,11.78,10.69,1.5,0.22,1.9800,2.3800,3.9100,
$50 NBA Daily 8/19,2020-08-19T23:09:46.877372,estk_82825eae0106dc30233a24e71677893c,evt_82825eae0106dc30,Robert Williams,NBA,13.6,10.61,0,0.22,1.9500,2.5700,3.6200,1.0800
$50 NBA Daily 8/19,2020-08-19T23:09:46.877376,estk_82825eae0106dc302d6f8355da37442f,evt_82825eae0106dc30,Enes Kanter,NBA,9.51,8.92,1.5,0.22,1.6800,2.1900,3.6600,
$50 NBA Daily 8/19,2020-08-19T23:10:47.545807,estk_82825eae0106dc307a763361bd2f9a08,evt_82825eae0106dc30,Joel Embiid,NBA,51.68,61.03,21.75,0.24,18.3100,9.6900,20.1800,16.4400
$50 NBA Daily 8/19,2020-08-19T23:10:47.545853,estk_82825eae0106dc30da4bddbbc347c31f,evt_82825eae0106dc30,Jayson Tatum,NBA,37.4,42.17,13.75,0.24,9.0800,7.7100,10.4800,7.7100
$50 NBA Daily 8/19,2020-08-19T23:10:47.545857,estk_82825eae0106dc304b8c495d9fa8db90,evt_82825eae0106dc30,Jaylen Brown,NBA,32.52,35.97,11.25,0.24,8.1400,6.5500,9.8000,6.4800
$50 NBA Daily 8/19,2020-08-19T23:10:47.545860,estk_82825eae0106dc3077c3d3d4d8ad15c5,evt_82825eae0106dc30,Tobias Harris,NBA,31.86,31.46,7.25,0.24,6.4900,6.3700,8.1200,5.6000
$50 NBA Daily 8/19,2020-08-19T23:10:47.545864,estk_82825eae0106dc30a9edb859d18234d0,evt_82825eae0106dc30,Kemba Walker,NBA,33.64,28.82,3.25,0.24,5.7000,6.9200,7.5900,4.8000
$50 NBA Daily 8/19,2020-08-19T23:10:47.545868,estk_82825eae0106dc30b3147c681557a264,evt_82825eae0106dc30,Josh Richardson,NBA,25.16,28.62,9.5,0.24,5.3000,4.5300,6.9100,4.3300
$50 NBA Daily 8/19,2020-08-19T23:10:47.545872,estk_82825eae0106dc3063a58b55849249a4,evt_82825eae0106dc30,Al Horford,NBA,28.59,24.98,3.25,0.24,4.6300,5.4100,6.2000,3.7300
$50 NBA Daily 8/19,2020-08-19T23:10:47.545902,estk_82825eae0106dc30a1e25447b314f889,evt_82825eae0106dc30,Shake Milton,NBA,16.43,22.74,10.25,0.24,3.8900,2.9300,5.9100,2.7300
$50 NBA Daily 8/19,2020-08-19T23:10:47.545906,estk_82825eae0106dc30049fe8ca7bf97ec4,evt_82825eae0106dc30,Marcus Smart,NBA,25.53,19.9,0.5,0.24,3.3900,4.6300,5.1100,2.3800
$50 NBA Daily 8/19,2020-08-19T23:10:47.545925,estk_82825eae0106dc30201a5680f9441b5c,evt_82825eae0106dc30,Daniel Theis,NBA,20.39,16,0.5,0.24,2.7400,3.5200,4.5200,1.8300
$50 NBA Daily 8/19,2020-08-19T23:10:47.545929,estk_82825eae0106dc3092bc30f31e413420,evt_82825eae0106dc30,Matisse Thybulle,NBA,18.44,16.26,2.25,0.24,2.5500,3.2200,4.2900,1.6400
$50 NBA Daily 8/19,2020-08-19T23:10:47.545937,estk_82825eae0106dc30575ca725abf50fd3,evt_82825eae0106dc30,Alec Burks,NBA,18.75,14.25,0,0.24,2.4600,3.2600,4.0100,1.5800
$50 NBA Daily 8/19,2020-08-19T23:10:47.545941,estk_82825eae0106dc308c88c133edc67225,evt_82825eae0106dc30,Grant Williams,NBA,10.63,14.08,6,0.24,2.1000,2.2900,3.8000,
$50 NBA Daily 8/19,2020-08-19T23:10:47.545944,estk_82825eae0106dc3041d6aa90727d2144,evt_82825eae0106dc30,Brad Wanamaker,NBA,11.78,10.45,1.5,0.24,1.9800,2.3800,3.9100,
$50 NBA Daily 8/19,2020-08-19T23:10:47.545948,estk_82825eae0106dc30233a24e71677893c,evt_82825eae0106dc30,Robert Williams,NBA,13.6,10.34,0,0.24,1.9500,2.5700,3.6200,1.0800
$50 NBA Daily 8/19,2020-08-19T23:10:47.545952,estk_82825eae0106dc302d6f8355da37442f,evt_82825eae0106dc30,Enes Kanter,NBA,9.51,8.23,1,0.24,1.6800,2.1900,3.6600,
$50 NBA Daily 8/19,2020-08-19T23:11:48.255391,estk_82825eae0106dc307a763361bd2f9a08,evt_82825eae0106dc30,Joel Embiid,NBA,51.68,60.51,21.75,0.25,18.4200,9.6900,20.1800,16.5500
$50 NBA Daily 8/19,2020-08-19T23:11:48.255434,estk_82825eae0106dc30da4bddbbc347c31f,evt_82825eae0106dc30,Jayson Tatum,NBA,37.4,45.3,17.25,0.25,10.0500,7.7100,11.7500,8.4200
$50 NBA Daily 8/19,2020-08-19T23:11:48.255441,estk_82825eae0106dc304b8c495d9fa8db90,evt_82825eae0106dc30,Jaylen Brown,NBA,32.52,35.64,11.25,0.25,7.6500,6.5500,9.2900,6.4800
$50 NBA Daily 8/19,2020-08-19T23:11:48.255445,estk_82825eae0106dc3077c3d3d4d8ad15c5,evt_82825eae0106dc30,Tobias Harris,NBA,31.86,30.64,6.75,0.25,6.1600,6.3700,7.8000,5.1700
$50 NBA Daily 8/19,2020-08-19T23:11:48.255449,estk_82825eae0106dc30a9edb859d18234d0,evt_82825eae0106dc30,Kemba Walker,NBA,33.64,28.48,3.25,0.25,5.4000,6.9200,7.0100,4.5300
$50 NBA Daily 8/19,2020-08-19T23:11:48.255453,estk_82825eae0106dc30b3147c681557a264,evt_82825eae0106dc30,Josh Richardson,NBA,25.16,28.37,9.5,0.25,5.3200,4.5300,6.9100,4.3300
$50 NBA Daily 8/19,2020-08-19T23:11:48.255465,estk_82825eae0106dc3063a58b55849249a4,evt_82825eae0106dc30,Al Horford,NBA,28.59,24.69,3.25,0.25,4.3400,5.4100,6.2000,3.4700
$50 NBA Daily 8/19,2020-08-19T23:11:48.255487,estk_82825eae0106dc30a1e25447b314f889,evt_82825eae0106dc30,Shake Milton,NBA,16.43,22.57,10.25,0.25,3.8700,2.9300,5.3600,2.7300
$50 NBA Daily 8/19,2020-08-19T23:11:48.255498,estk_82825eae0106dc30049fe8ca7bf97ec4,evt_82825eae0106dc30,Marcus Smart,NBA,25.53,19.65,0.5,0.25,3.2200,4.6300,4.7800,2.3800
$50 NBA Daily 8/19,2020-08-19T23:11:48.255510,estk_82825eae0106dc3092bc30f31e413420,evt_82825eae0106dc30,Matisse Thybulle,NBA,18.44,16.08,2.25,0.25,2.6600,3.2200,4.2900,1.6400
$50 NBA Daily 8/19,2020-08-19T23:11:48.255514,estk_82825eae0106dc30201a5680f9441b5c,evt_82825eae0106dc30,Daniel Theis,NBA,20.39,15.79,0.5,0.25,2.6100,3.5200,4.5200,1.6800
$50 NBA Daily 8/19,2020-08-19T23:11:48.255522,estk_82825eae0106dc30575ca725abf50fd3,evt_82825eae0106dc30,Alec Burks,NBA,18.75,14.06,0,0.25,2.3400,3.2600,4.0100,1.4400
$50 NBA Daily 8/19,2020-08-19T23:11:48.255526,estk_82825eae0106dc308c88c133edc67225,evt_82825eae0106dc30,Grant Williams,NBA,10.63,13.97,6,0.25,2.3000,2.2900,3.8000,
$50 NBA Daily 8/19,2020-08-19T23:11:48.255530,estk_82825eae0106dc3041d6aa90727d2144,evt_82825eae0106dc30,Brad Wanamaker,NBA,11.78,10.33,1.5,0.25,1.9000,2.3800,3.9100,
$50 NBA Daily 8/19,2020-08-19T23:11:48.255534,estk_82825eae0106dc30233a24e71677893c,evt_82825eae0106dc30,Robert Williams,NBA,13.6,10.2,0,0.25,1.8900,2.5700,3.6200,1.0800
$50 NBA Daily 8/19,2020-08-19T23:11:48.255538,estk_82825eae0106dc302d6f8355da37442f,evt_82825eae0106dc30,Enes Kanter,NBA,9.51,8.13,1,0.25,1.7000,2.1900,3.6600,
$50 NBA Daily 8/19,2020-08-19T23:15:50.840674,estk_82825eae0106dc307a763361bd2f9a08,evt_82825eae0106dc30,Joel Embiid,NBA,51.68,59.99,21.75,0.26,18.1200,9.6900,20.1800,16.5500
$50 NBA Daily 8/19,2020-08-19T23:15:50.840708,estk_82825eae0106dc30da4bddbbc347c31f,evt_82825eae0106dc30,Jayson Tatum,NBA,37.4,44.93,17.25,0.26,11.4400,7.7100,13.1000,9.6400
$50 NBA Daily 8/19,2020-08-19T23:15:50.840724,estk_82825eae0106dc304b8c495d9fa8db90,evt_82825eae0106dc30,Jaylen Brown,NBA,32.52,35.31,11.25,0.26,7.6000,6.5500,9.2900,6.4800
$50 NBA Daily 8/19,2020-08-19T23:15:50.840727,estk_82825eae0106dc3077c3d3d4d8ad15c5,evt_82825eae0106dc30,Tobias Harris,NBA,31.86,30.33,6.75,0.26,5.9200,6.3700,7.4800,4.8600
$50 NBA Daily 8/19,2020-08-19T23:15:50.840731,estk_82825eae0106dc30a9edb859d18234d0,evt_82825eae0106dc30,Kemba Walker,NBA,33.64,28.14,3.25,0.26,5.2300,6.9200,7.0100,4.3700
$50 NBA Daily 8/19,2020-08-19T23:15:50.840735,estk_82825eae0106dc30b3147c681557a264,evt_82825eae0106dc30,Josh Richardson,NBA,25.16,28.12,9.5,0.26,5.2300,4.5300,6.9100,4.3200
$50 NBA Daily 8/19,2020-08-19T23:15:50.840758,estk_82825eae0106dc3063a58b55849249a4,evt_82825eae0106dc30,Al Horford,NBA,28.59,24.41,3.25,0.26,4.2700,5.4100,6.2000,3.2000
$50 NBA Daily 8/19,2020-08-19T23:15:50.840769,estk_82825eae0106dc30a1e25447b314f889,evt_82825eae0106dc30,Shake Milton,NBA,16.43,22.41,10.25,0.26,3.7500,2.9300,5.3600,2.7300
$50 NBA Daily 8/19,2020-08-19T23:15:50.840777,estk_82825eae0106dc30049fe8ca7bf97ec4,evt_82825eae0106dc30,Marcus Smart,NBA,25.53,19.39,0.5,0.26,3.2100,4.6300,4.7800,2.2100
$50 NBA Daily 8/19,2020-08-19T23:15:50.840792,estk_82825eae0106dc3092bc30f31e413420,evt_82825eae0106dc30,Matisse Thybulle,NBA,18.44,15.9,2.25,0.26,2.6100,3.2200,4.2900,1.6400
$50 NBA Daily 8/19,2020-08-19T23:15:50.840799,estk_82825eae0106dc30201a5680f9441b5c,evt_82825eae0106dc30,Daniel Theis,NBA,20.39,15.59,0.5,0.26,2.5200,3.5200,4.5200,1.6800
$50 NBA Daily 8/19,2020-08-19T23:15:50.840803,estk_82825eae0106dc308c88c133edc67225,evt_82825eae0106dc30,Grant Williams,NBA,10.63,13.87,6,0.26,2.3200,2.2900,3.8000,
$50 NBA Daily 8/19,2020-08-19T23:15:50.840807,estk_82825eae0106dc30575ca725abf50fd3,evt_82825eae0106dc30,Alec Burks,NBA,18.75,13.88,0,0.26,2.2700,3.2600,4.0100,1.4400
$50 NBA Daily 8/19,2020-08-19T23:15:50.840811,estk_82825eae0106dc30233a24e71677893c,evt_82825eae0106dc30,Robert Williams,NBA,13.6,10.06,0,0.26,1.8900,2.5700,3.6200,
$50 NBA Daily 8/19,2020-08-19T23:15:50.840815,estk_82825eae0106dc3041d6aa90727d2144,evt_82825eae0106dc30,Brad Wanamaker,NBA,11.78,10.22,1.5,0.26,1.8900,2.3800,3.9100,
$50 NBA Daily 8/19,2020-08-19T23:15:50.840819,estk_82825eae0106dc302d6f8355da37442f,evt_82825eae0106dc30,Enes Kanter,NBA,9.51,8.04,1,0.26,1.6800,2.1900,3.6600,
$50 NBA Daily 8/19,2020-08-19T23:18:52.825200,estk_82825eae0106dc307a763361bd2f9a08,evt_82825eae0106dc30,Joel Embiid,NBA,51.68,59.68,23.5,0.3,18.0900,9.6900,20.1800,16.5500
$50 NBA Daily 8/19,2020-08-19T23:18:52.825238,estk_82825eae0106dc30da4bddbbc347c31f,evt_82825eae0106dc30,Jayson Tatum,NBA,37.4,47.68,21.5,0.3,11.2600,7.7100,13.1000,9.6400
$50 NBA Daily 8/19,2020-08-19T23:18:52.825250,estk_82825eae0106dc304b8c495d9fa8db90,evt_82825eae0106dc30,Jaylen Brown,NBA,32.52,34.01,11.25,0.3,7.5000,6.5500,9.2900,6.4800
$50 NBA Daily 8/19,2020-08-19T23:18:52.825254,estk_82825eae0106dc3077c3d3d4d8ad15c5,evt_82825eae0106dc30,Tobias Harris,NBA,31.86,28.55,6.25,0.3,5.7700,6.3700,7.4800,4.8600
$50 NBA Daily 8/19,2020-08-19T23:18:52.825258,estk_82825eae0106dc30a9edb859d18234d0,evt_82825eae0106dc30,Kemba Walker,NBA,33.64,26.8,3.25,0.3,5.1600,6.9200,7.0100,4.0900
$50 NBA Daily 8/19,2020-08-19T23:18:52.825262,estk_82825eae0106dc30b3147c681557a264,evt_82825eae0106dc30,Josh Richardson,NBA,25.16,27.11,9.5,0.3,5.1500,4.5300,6.9100,4.0600
$50 NBA Daily 8/19,2020-08-19T23:18:52.825284,estk_82825eae0106dc3063a58b55849249a4,evt_82825eae0106dc30,Al Horford,NBA,28.59,23.26,3.25,0.3,4.1900,5.4100,6.2000,3.2000
$50 NBA Daily 8/19,2020-08-19T23:18:52.825295,estk_82825eae0106dc30a1e25447b314f889,evt_82825eae0106dc30,Shake Milton,NBA,16.43,21.75,10.25,0.3,3.7400,2.9300,5.3600,2.7300
$50 NBA Daily 8/19,2020-08-19T23:18:52.825310,estk_82825eae0106dc30049fe8ca7bf97ec4,evt_82825eae0106dc30,Marcus Smart,NBA,25.53,18.37,0.5,0.3,3.1700,4.6300,4.7800,2.2100
$50 NBA Daily 8/19,2020-08-19T23:18:52.825318,estk_82825eae0106dc3092bc30f31e413420,evt_82825eae0106dc30,Matisse Thybulle,NBA,18.44,15.16,2.25,0.3,2.5700,3.2200,4.2900,1.6400
$50 NBA Daily 8/19,2020-08-19T23:18:52.825322,estk_82825eae0106dc30201a5680f9441b5c,evt_82825eae0106dc30,Daniel Theis,NBA,20.39,14.77,0.5,0.3,2.5200,3.5200,4.0500,1.6800
$50 NBA Daily 8/19,2020-08-19T23:18:52.825330,estk_82825eae0106dc30575ca725abf50fd3,evt_82825eae0106dc30,Alec Burks,NBA,18.75,13.13,0,0.3,2.2600,3.2600,4.0100,1.4400
$50 NBA Daily 8/19,2020-08-19T23:18:52.825334,estk_82825eae0106dc308c88c133edc67225,evt_82825eae0106dc30,Grant Williams,NBA,10.63,16.19,8.75,0.3,2.2400,2.2900,3.8000,
$50 NBA Daily 8/19,2020-08-19T23:18:52.825337,estk_82825eae0106dc3041d6aa90727d2144,evt_82825eae0106dc30,Brad Wanamaker,NBA,11.78,12.75,4.5,0.3,1.8700,2.3800,3.4100,
$50 NBA Daily 8/19,2020-08-19T23:18:52.825342,estk_82825eae0106dc30233a24e71677893c,evt_82825eae0106dc30,Robert Williams,NBA,13.6,9.52,0,0.3,1.8300,2.5700,3.6200,
$50 NBA Daily 8/19,2020-08-19T23:18:52.825346,estk_82825eae0106dc302d6f8355da37442f,evt_82825eae0106dc30,Enes Kanter,NBA,9.51,14.41,7.75,0.3,1.6900,2.1900,3.6600,
$50 NBA Daily 8/19,2020-08-19T23:20:54.051145,estk_82825eae0106dc307a763361bd2f9a08,evt_82825eae0106dc30,Joel Embiid,NBA,51.68,59.89,24.75,0.32,18.0100,9.6900,20.1800,16.5500
$50 NBA Daily 8/19,2020-08-19T23:20:54.051179,estk_82825eae0106dc30da4bddbbc347c31f,evt_82825eae0106dc30,Jayson Tatum,NBA,37.4,51.93,26.5,0.32,14.2900,7.7100,14.3300,10.8300
$50 NBA Daily 8/19,2020-08-19T23:20:54.051195,estk_82825eae0106dc304b8c495d9fa8db90,evt_82825eae0106dc30,Jaylen Brown,NBA,32.52,33.36,11.25,0.32,6.7700,6.5500,8.6400,5.9900
$50 NBA Daily 8/19,2020-08-19T23:20:54.051199,estk_82825eae0106dc3077c3d3d4d8ad15c5,evt_82825eae0106dc30,Tobias Harris,NBA,31.86,27.41,5.75,0.32,4.9300,6.3700,6.9100,4.2400
$50 NBA Daily 8/19,2020-08-19T23:20:54.051203,estk_82825eae0106dc30b3147c681557a264,evt_82825eae0106dc30,Josh Richardson,NBA,25.16,26.61,9.5,0.32,4.7100,4.5300,6.9100,3.7300
$50 NBA Daily 8/19,2020-08-19T23:20:54.051207,estk_82825eae0106dc30a9edb859d18234d0,evt_82825eae0106dc30,Kemba Walker,NBA,33.64,26.13,3.25,0.32,4.5500,6.9200,6.3500,3.7900
$50 NBA Daily 8/19,2020-08-19T23:20:54.051237,estk_82825eae0106dc3063a58b55849249a4,evt_82825eae0106dc30,Al Horford,NBA,28.59,22.19,2.75,0.32,3.6700,5.4100,5.5000,3.0400
$50 NBA Daily 8/19,2020-08-19T23:20:54.051240,estk_82825eae0106dc30a1e25447b314f889,evt_82825eae0106dc30,Shake Milton,NBA,16.43,21.42,10.25,0.32,3.5100,2.9300,5.3600,2.7300
$50 NBA Daily 8/19,2020-08-19T23:20:54.051259,estk_82825eae0106dc30049fe8ca7bf97ec4,evt_82825eae0106dc30,Marcus Smart,NBA,25.53,17.86,0.5,0.32,2.7900,4.6300,4.4800,2.1000
$50 NBA Daily 8/19,2020-08-19T23:20:54.051267,estk_82825eae0106dc302d6f8355da37442f,evt_82825eae0106dc30,Enes Kanter,NBA,9.51,16.72,10.25,0.32,2.6000,2.1900,3.6600,1.0500
$50 NBA Daily 8/19,2020-08-19T23:20:54.051271,estk_82825eae0106dc308c88c133edc67225,evt_82825eae0106dc30,Grant Williams,NBA,10.63,15.98,8.75,0.32,2.4800,2.2900,3.8000,1.0200
$50 NBA Daily 8/19,2020-08-19T23:20:54.051275,estk_82825eae0106dc3092bc30f31e413420,evt_82825eae0106dc30,Matisse Thybulle,NBA,18.44,14.79,2.25,0.32,2.3200,3.2200,4.2900,1.5100
$50 NBA Daily 8/19,2020-08-19T23:20:54.051279,estk_82825eae0106dc30201a5680f9441b5c,evt_82825eae0106dc30,Daniel Theis,NBA,20.39,14.37,0.5,0.32,2.3000,3.5200,3.9200,1.4300
$50 NBA Daily 8/19,2020-08-19T23:20:54.051283,estk_82825eae0106dc3041d6aa90727d2144,evt_82825eae0106dc30,Brad Wanamaker,NBA,11.78,14.51,6.5,0.32,2.2900,2.3800,3.4100,
$50 NBA Daily 8/19,2020-08-19T23:20:54.051287,estk_82825eae0106dc30575ca725abf50fd3,evt_82825eae0106dc30,Alec Burks,NBA,18.75,12.75,0,0.32,2.0600,3.2600,4.0100,1.2600
$50 NBA Daily 8/19,2020-08-19T23:20:54.051291,estk_82825eae0106dc30233a24e71677893c,evt_82825eae0106dc30,Robert Williams,NBA,13.6,9.25,0,0.32,1.7200,2.5700,3.6200,
$50 NBA Daily 8/19,2020-08-19T23:25:57.512467,estk_82825eae0106dc307a763361bd2f9a08,evt_82825eae0106dc30,Joel Embiid,NBA,51.68,58.88,24.25,0.33,17.7100,9.6900,20.1800,16.5500
$50 NBA Daily 8/19,2020-08-19T23:25:57.512502,estk_82825eae0106dc30da4bddbbc347c31f,evt_82825eae0106dc30,Jayson Tatum,NBA,37.4,51.56,26.5,0.33,14.3300,7.7100,16.0800,12.6500
$50 NBA Daily 8/19,2020-08-19T23:25:57.512518,estk_82825eae0106dc304b8c495d9fa8db90,evt_82825eae0106dc30,Jaylen Brown,NBA,32.52,33.04,11.25,0.33,6.8200,6.5500,8.6400,5.8200
$50 NBA Daily 8/19,2020-08-19T23:25:57.512522,estk_82825eae0106dc3077c3d3d4d8ad15c5,evt_82825eae0106dc30,Tobias Harris,NBA,31.86,27.1,5.75,0.33,4.9300,6.3700,6.9100,3.6900
$50 NBA Daily 8/19,2020-08-19T23:25:57.512526,estk_82825eae0106dc30b3147c681557a264,evt_82825eae0106dc30,Josh Richardson,NBA,25.16,26.36,9.5,0.33,4.7400,4.5300,6.3000,3.7300
$50 NBA Daily 8/19,2020-08-19T23:25:57.512530,estk_82825eae0106dc30a9edb859d18234d0,evt_82825eae0106dc30,Kemba Walker,NBA,33.64,25.79,3.25,0.33,4.6300,6.9200,6.3500,3.6700
$50 NBA Daily 8/19,2020-08-19T23:25:57.512560,estk_82825eae0106dc3063a58b55849249a4,evt_82825eae0106dc30,Al Horford,NBA,28.59,21.91,2.75,0.33,3.6400,5.4100,5.5000,2.7500
$50 NBA Daily 8/19,2020-08-19T23:25:57.512567,estk_82825eae0106dc30a1e25447b314f889,evt_82825eae0106dc30,Shake Milton,NBA,16.43,21.26,10.25,0.33,3.4900,2.9300,5.3600,2.3100
$50 NBA Daily 8/19,2020-08-19T23:25:57.512578,estk_82825eae0106dc30049fe8ca7bf97ec4,evt_82825eae0106dc30,Marcus Smart,NBA,25.53,17.61,0.5,0.33,2.7800,4.6300,4.4800,1.9700
$50 NBA Daily 8/19,2020-08-19T23:25:57.512582,estk_82825eae0106dc308c88c133edc67225,evt_82825eae0106dc30,Grant Williams,NBA,10.63,17.12,10,0.33,2.7400,2.2900,3.8000,1.1900
$50 NBA Daily 8/19,2020-08-19T23:25:57.512586,estk_82825eae0106dc302d6f8355da37442f,evt_82825eae0106dc30,Enes Kanter,NBA,9.51,16.62,10.25,0.33,2.6900,2.1900,4.1600,1.0500
$50 NBA Daily 8/19,2020-08-19T23:25:57.512594,estk_82825eae0106dc3092bc30f31e413420,evt_82825eae0106dc30,Matisse Thybulle,NBA,18.44,14.6,2.25,0.33,2.3600,3.2200,4.2900,1.5100
$50 NBA Daily 8/19,2020-08-19T23:25:57.512598,estk_82825eae0106dc30201a5680f9441b5c,evt_82825eae0106dc30,Daniel Theis,NBA,20.39,14.16,0.5,0.33,2.3300,3.5200,3.9200,1.4300
$50 NBA Daily 8/19,2020-08-19T23:25:57.512602,estk_82825eae0106dc3041d6aa90727d2144,evt_82825eae0106dc30,Brad Wanamaker,NBA,11.78,13.89,6,0.33,2.2800,2.3800,3.4100,
$50 NBA Daily 8/19,2020-08-19T23:25:57.512606,estk_82825eae0106dc30575ca725abf50fd3,evt_82825eae0106dc30,Alec Burks,NBA,18.75,12.06,-0.5,0.33,2.0500,3.2600,4.0100,1.2600
$50 NBA Daily 8/19,2020-08-19T23:25:57.512610,estk_82825eae0106dc30233a24e71677893c,evt_82825eae0106dc30,Robert Williams,NBA,13.6,9.11,0,0.33,1.7200,2.5700,3.6200,
$50 NBA Daily 8/19,2020-08-19T23:26:58.162993,estk_82825eae0106dc307a763361bd2f9a08,evt_82825eae0106dc30,Joel Embiid,NBA,51.68,59.84,26.25,0.35,17.6700,9.6900,19.5200,16.5500
$50 NBA Daily 8/19,2020-08-19T23:26:58.163028,estk_82825eae0106dc30da4bddbbc347c31f,evt_82825eae0106dc30,Jayson Tatum,NBA,37.4,50.31,26,0.35,14.3600,7.7100,16.0800,12.6500
$50 NBA Daily 8/19,2020-08-19T23:26:58.163045,estk_82825eae0106dc304b8c495d9fa8db90,evt_82825eae0106dc30,Jaylen Brown,NBA,32.52,32.39,11.25,0.35,6.7300,6.5500,8.6400,5.8200
$50 NBA Daily 8/19,2020-08-19T23:26:58.163049,estk_82825eae0106dc3077c3d3d4d8ad15c5,evt_82825eae0106dc30,Tobias Harris,NBA,31.86,25.96,5.25,0.35,4.9800,6.3700,6.9100,3.6900
$50 NBA Daily 8/19,2020-08-19T23:26:58.163052,estk_82825eae0106dc30b3147c681557a264,evt_82825eae0106dc30,Josh Richardson,NBA,25.16,25.85,9.5,0.35,4.7300,4.5300,6.3000,3.7300
$50 NBA Daily 8/19,2020-08-19T23:26:58.163061,estk_82825eae0106dc30a9edb859d18234d0,evt_82825eae0106dc30,Kemba Walker,NBA,33.64,25.12,3.25,0.35,4.6000,6.9200,6.3500,3.6700
$50 NBA Daily 8/19,2020-08-19T23:26:58.163087,estk_82825eae0106dc3063a58b55849249a4,evt_82825eae0106dc30,Al Horford,NBA,28.59,21.33,2.75,0.35,3.6500,5.4100,5.5000,2.7500
$50 NBA Daily 8/19,2020-08-19T23:26:58.163091,estk_82825eae0106dc30a1e25447b314f889,evt_82825eae0106dc30,Shake Milton,NBA,16.43,20.93,10.25,0.35,3.5000,2.9300,5.3600,2.3100
$50 NBA Daily 8/19,2020-08-19T23:26:58.163106,estk_82825eae0106dc30049fe8ca7bf97ec4,evt_82825eae0106dc30,Marcus Smart,NBA,25.53,17.09,0.5,0.35,2.8600,4.6300,4.4800,1.9700
$50 NBA Daily 8/19,2020-08-19T23:26:58.163110,estk_82825eae0106dc308c88c133edc67225,evt_82825eae0106dc30,Grant Williams,NBA,10.63,16.91,10,0.35,2.7500,2.2900,4.3100,1.1900
$50 NBA Daily 8/19,2020-08-19T23:26:58.163114,estk_82825eae0106dc302d6f8355da37442f,evt_82825eae0106dc30,Enes Kanter,NBA,9.51,20.93,14.75,0.35,2.6700,2.1900,4.1600,1.1400
$50 NBA Daily 8/19,2020-08-19T23:26:58.163121,estk_82825eae0106dc3092bc30f31e413420,evt_82825eae0106dc30,Matisse Thybulle,NBA,18.44,14.24,2.25,0.35,2.3900,3.2200,4.2900,1.5100
$50 NBA Daily 8/19,2020-08-19T23:26:58.163126,estk_82825eae0106dc30201a5680f9441b5c,evt_82825eae0106dc30,Daniel Theis,NBA,20.39,13.75,0.5,0.35,2.3100,3.5200,3.9200,1.4300
$50 NBA Daily 8/19,2020-08-19T23:26:58.163130,estk_82825eae0106dc3041d6aa90727d2144,evt_82825eae0106dc30,Brad Wanamaker,NBA,11.78,13.66,6,0.35,2.2700,2.3800,3.4100,
$50 NBA Daily 8/19,2020-08-19T23:26:58.163134,estk_82825eae0106dc30575ca725abf50fd3,evt_82825eae0106dc30,Alec Burks,NBA,18.75,11.69,-0.5,0.35,2.0400,3.2600,4.0100,1.1400
$50 NBA Daily 8/19,2020-08-19T23:26:58.163138,estk_82825eae0106dc30233a24e71677893c,evt_82825eae0106dc30,Robert Williams,NBA,13.6,8.84,0,0.35,1.7700,2.5700,3.6200,
$50 NBA Daily 8/19,2020-08-19T23:29:59.963039,estk_82825eae0106dc307a763361bd2f9a08,evt_82825eae0106dc30,Joel Embiid,NBA,51.68,57.79,25.75,0.38,18.2000,9.6900,20.0300,16.5500
$50 NBA Daily 8/19,2020-08-19T23:29:59.963073,estk_82825eae0106dc30da4bddbbc347c31f,evt_82825eae0106dc30,Jayson Tatum,NBA,37.4,50.19,27,0.38,13.9100,7.7100,15.7000,12.6500
$50 NBA Daily 8/19,2020-08-19T23:29:59.963089,estk_82825eae0106dc304b8c495d9fa8db90,evt_82825eae0106dc30,Jaylen Brown,NBA,32.52,31.41,11.25,0.38,6.6000,6.5500,8.6400,5.3600
$50 NBA Daily 8/19,2020-08-19T23:29:59.963092,estk_82825eae0106dc3077c3d3d4d8ad15c5,evt_82825eae0106dc30,Tobias Harris,NBA,31.86,28.5,8.75,0.38,4.6700,6.3700,6.2800,3.6900
$50 NBA Daily 8/19,2020-08-19T23:29:59.963100,estk_82825eae0106dc30b3147c681557a264,evt_82825eae0106dc30,Josh Richardson,NBA,25.16,28.6,13,0.38,4.6500,4.5300,6.3000,3.7300
$50 NBA Daily 8/19,2020-08-19T23:29:59.963115,estk_82825eae0106dc30a9edb859d18234d0,evt_82825eae0106dc30,Kemba Walker,NBA,33.64,24.11,3.25,0.38,4.4900,6.9200,6.3500,3.5800
$50 NBA Daily 8/19,2020-08-19T23:29:59.963136,estk_82825eae0106dc3063a58b55849249a4,evt_82825eae0106dc30,Al Horford,NBA,28.59,20.48,2.75,0.38,3.5600,5.4100,5.5000,2.6300
$50 NBA Daily 8/19,2020-08-19T23:29:59.963143,estk_82825eae0106dc30a1e25447b314f889,evt_82825eae0106dc30,Shake Milton,NBA,16.43,20.44,10.25,0.38,3.4500,2.9300,5.3600,2.3100
$50 NBA Daily 8/19,2020-08-19T23:29:59.963147,estk_82825eae0106dc302d6f8355da37442f,evt_82825eae0106dc30,Enes Kanter,NBA,9.51,20.65,14.75,0.38,3.4400,2.1900,5.0900,1.9500
$50 NBA Daily 8/19,2020-08-19T23:29:59.963159,estk_82825eae0106dc30049fe8ca7bf97ec4,evt_82825eae0106dc30,Marcus Smart,NBA,25.53,16.33,0.5,0.38,2.7300,4.6300,4.2700,1.8200
$50 NBA Daily 8/19,2020-08-19T23:29:59.963162,estk_82825eae0106dc308c88c133edc67225,evt_82825eae0106dc30,Grant Williams,NBA,10.63,16.59,10,0.38,2.7200,2.2900,4.3100,1.1900
$50 NBA Daily 8/19,2020-08-19T23:29:59.963170,estk_82825eae0106dc3092bc30f31e413420,evt_82825eae0106dc30,Matisse Thybulle,NBA,18.44,13.68,2.25,0.38,2.3100,3.2200,4.2900,1.4600
$50 NBA Daily 8/19,2020-08-19T23:29:59.963174,estk_82825eae0106dc30201a5680f9441b5c,evt_82825eae0106dc30,Daniel Theis,NBA,20.39,13.14,0.5,0.38,2.2500,3.5200,3.9200,1.4300
$50 NBA Daily 8/19,2020-08-19T23:29:59.963178,estk_82825eae0106dc3041d6aa90727d2144,evt_82825eae0106dc30,Brad Wanamaker,NBA,11.78,16.8,9.5,0.38,2.2200,2.3800,3.4100,
$50 NBA Daily 8/19,2020-08-19T23:29:59.963182,estk_82825eae0106dc30575ca725abf50fd3,evt_82825eae0106dc30,Alec Burks,NBA,18.75,10.63,-1,0.38,1.9700,3.2600,3.5100,1.1400
$50 NBA Daily 8/19,2020-08-19T23:29:59.963186,estk_82825eae0106dc30233a24e71677893c,evt_82825eae0106dc30,Robert Williams,NBA,13.6,8.43,0,0.38,1.6800,2.5700,3.6200,
$50 NBA Daily 8/19,2020-08-19T23:31:00.703376,estk_82825eae0106dc307a763361bd2f9a08,evt_82825eae0106dc30,Joel Embiid,NBA,51.68,57.27,25.75,0.39,18.2000,9.6900,20.0300,16.5500
$50 NBA Daily 8/19,2020-08-19T23:31:00.703411,estk_82825eae0106dc30da4bddbbc347c31f,evt_82825eae0106dc30,Jayson Tatum,NBA,37.4,49.81,27,0.39,13.9100,7.7100,15.7000,12.6500
$50 NBA Daily 8/19,2020-08-19T23:31:00.703427,estk_82825eae0106dc304b8c495d9fa8db90,evt_82825eae0106dc30,Jaylen Brown,NBA,32.52,31.09,11.25,0.39,6.6000,6.5500,8.6400,5.3600
$50 NBA Daily 8/19,2020-08-19T23:31:00.703431,estk_82825eae0106dc3077c3d3d4d8ad15c5,evt_82825eae0106dc30,Tobias Harris,NBA,31.86,28.18,8.75,0.39,4.6700,6.3700,6.2800,3.6900
$50 NBA Daily 8/19,2020-08-19T23:31:00.703438,estk_82825eae0106dc30b3147c681557a264,evt_82825eae0106dc30,Josh Richardson,NBA,25.16,28.35,13,0.39,4.6500,4.5300,6.3000,3.7300
$50 NBA Daily 8/19,2020-08-19T23:31:00.703454,estk_82825eae0106dc30a9edb859d18234d0,evt_82825eae0106dc30,Kemba Walker,NBA,33.64,23.77,3.25,0.39,4.4900,6.9200,6.3500,3.5800
$50 NBA Daily 8/19,2020-08-19T23:31:00.703469,estk_82825eae0106dc3063a58b55849249a4,evt_82825eae0106dc30,Al Horford,NBA,28.59,20.19,2.75,0.39,3.5600,5.4100,5.5000,2.6300
$50 NBA Daily 8/19,2020-08-19T23:31:00.703477,estk_82825eae0106dc30a1e25447b314f889,evt_82825eae0106dc30,Shake Milton,NBA,16.43,19.77,9.75,0.39,3.4500,2.9300,5.3600,2.3100
$50 NBA Daily 8/19,2020-08-19T23:31:00.703481,estk_82825eae0106dc302d6f8355da37442f,evt_82825eae0106dc30,Enes Kanter,NBA,9.51,20.55,14.75,0.39,3.4400,2.1900,5.0900,1.9500
$50 NBA Daily 8/19,2020-08-19T23:31:00.703492,estk_82825eae0106dc30049fe8ca7bf97ec4,evt_82825eae0106dc30,Marcus Smart,NBA,25.53,18.07,2.5,0.39,2.7300,4.6300,4.2700,1.8200
$50 NBA Daily 8/19,2020-08-19T23:31:00.703496,estk_82825eae0106dc308c88c133edc67225,evt_82825eae0106dc30,Grant Williams,NBA,10.63,16.48,10,0.39,2.7200,2.2900,4.3100,1.1900
$50 NBA Daily 8/19,2020-08-19T23:31:00.703504,estk_82825eae0106dc3092bc30f31e413420,evt_82825eae0106dc30,Matisse Thybulle,NBA,18.44,13.5,2.25,0.39,2.3100,3.2200,4.2900,1.4600
$50 NBA Daily 8/19,2020-08-19T23:31:00.703508,estk_82825eae0106dc30201a5680f9441b5c,evt_82825eae0106dc30,Daniel Theis,NBA,20.39,12.94,0.5,0.39,2.2500,3.5200,3.9200,1.4300
$50 NBA Daily 8/19,2020-08-19T23:31:00.703512,estk_82825eae0106dc3041d6aa90727d2144,evt_82825eae0106dc30,Brad Wanamaker,NBA,11.78,16.69,9.5,0.39,2.2200,2.3800,3.4100,
$50 NBA Daily 8/19,2020-08-19T23:31:00.703516,estk_82825eae0106dc30575ca725abf50fd3,evt_82825eae0106dc30,Alec Burks,NBA,18.75,10.44,-1,0.39,1.9700,3.2600,3.5100,1.1400
$50 NBA Daily 8/19,2020-08-19T23:31:00.703520,estk_82825eae0106dc30233a24e71677893c,evt_82825eae0106dc30,Robert Williams,NBA,13.6,8.3,0,0.39,1.6800,2.5700,3.6200,
$50 NBA Daily 8/19,2020-08-19T23:32:01.403606,estk_82825eae0106dc307a763361bd2f9a08,evt_82825eae0106dc30,Joel Embiid,NBA,51.68,57.49,27,0.41,17.3300,9.6900,19.1800,16.1000
$50 NBA Daily 8/19,2020-08-19T23:32:01.403639,estk_82825eae0106dc30da4bddbbc347c31f,evt_82825eae0106dc30,Jayson Tatum,NBA,37.4,49.07,27,0.41,13.9300,7.7100,15.7000,12.6500
$50 NBA Daily 8/19,2020-08-19T23:32:01.403656,estk_82825eae0106dc304b8c495d9fa8db90,evt_82825eae0106dc30,Jaylen Brown,NBA,32.52,30.44,11.25,0.41,6.1900,6.5500,7.8100,5.1800
$50 NBA Daily 8/19,2020-08-19T23:32:01.403660,estk_82825eae0106dc30b3147c681557a264,evt_82825eae0106dc30,Josh Richardson,NBA,25.16,27.34,12.5,0.41,5.4000,4.5300,7.0100,3.7900
$50 NBA Daily 8/19,2020-08-19T23:32:01.403663,estk_82825eae0106dc3077c3d3d4d8ad15c5,evt_82825eae0106dc30,Tobias Harris,NBA,31.86,27.55,8.75,0.41,5.3600,6.3700,6.9700,3.7500
$50 NBA Daily 8/19,2020-08-19T23:32:01.403694,estk_82825eae0106dc30a9edb859d18234d0,evt_82825eae0106dc30,Kemba Walker,NBA,33.64,29.1,9.25,0.41,4.0500,6.9200,5.6300,3.1600
$50 NBA Daily 8/19,2020-08-19T23:32:01.403705,estk_82825eae0106dc302d6f8355da37442f,evt_82825eae0106dc30,Enes Kanter,NBA,9.51,22.36,16.75,0.41,3.3000,2.1900,5.0900,1.9500
$50 NBA Daily 8/19,2020-08-19T23:32:01.403709,estk_82825eae0106dc3063a58b55849249a4,evt_82825eae0106dc30,Al Horford,NBA,28.59,19.62,2.75,0.41,3.2600,5.4100,4.8300,2.3400
$50 NBA Daily 8/19,2020-08-19T23:32:01.403713,estk_82825eae0106dc30a1e25447b314f889,evt_82825eae0106dc30,Shake Milton,NBA,16.43,19.44,9.75,0.41,3.1600,2.9300,4.7200,2.3100
$50 NBA Daily 8/19,2020-08-19T23:32:01.403721,estk_82825eae0106dc30049fe8ca7bf97ec4,evt_82825eae0106dc30,Marcus Smart,NBA,25.53,17.06,2,0.41,2.8900,4.6300,4.2700,1.8200
$50 NBA Daily 8/19,2020-08-19T23:32:01.403729,estk_82825eae0106dc3041d6aa90727d2144,evt_82825eae0106dc30,Brad Wanamaker,NBA,11.78,16.45,9.5,0.41,2.6400,2.3800,4.1900,1.0900
$50 NBA Daily 8/19,2020-08-19T23:32:01.403733,estk_82825eae0106dc308c88c133edc67225,evt_82825eae0106dc30,Grant Williams,NBA,10.63,16.27,10,0.41,2.5800,2.2900,4.3100,1.1900
$50 NBA Daily 8/19,2020-08-19T23:32:01.403737,estk_82825eae0106dc3092bc30f31e413420,evt_82825eae0106dc30,Matisse Thybulle,NBA,18.44,13.13,2.25,0.41,2.1600,3.2200,3.7000,1.2500
$50 NBA Daily 8/19,2020-08-19T23:32:01.403741,estk_82825eae0106dc30201a5680f9441b5c,evt_82825eae0106dc30,Daniel Theis,NBA,20.39,12.53,0.5,0.41,2.0800,3.5200,3.9200,1.2700
$50 NBA Daily 8/19,2020-08-19T23:32:01.403745,estk_82825eae0106dc30575ca725abf50fd3,evt_82825eae0106dc30,Alec Burks,NBA,18.75,9.56,-1.5,0.41,1.7900,3.2600,3.5100,
$50 NBA Daily 8/19,2020-08-19T23:32:01.403749,estk_82825eae0106dc30233a24e71677893c,evt_82825eae0106dc30,Robert Williams,NBA,13.6,8.02,0,0.41,1.5900,2.5700,3.6200,
$50 NBA Daily 8/19,2020-08-19T23:37:04.666844,estk_82825eae0106dc307a763361bd2f9a08,evt_82825eae0106dc30,Joel Embiid,NBA,51.68,56.97,27,0.42,17.5700,9.6900,19.1800,16.1000
$50 NBA Daily 8/19,2020-08-19T23:37:04.666878,estk_82825eae0106dc30da4bddbbc347c31f,evt_82825eae0106dc30,Jayson Tatum,NBA,37.4,48.69,27,0.42,13.6100,7.7100,15.4000,12.5400
$50 NBA Daily 8/19,2020-08-19T23:37:04.666893,estk_82825eae0106dc304b8c495d9fa8db90,evt_82825eae0106dc30,Jaylen Brown,NBA,32.52,32.36,13.5,0.42,5.9400,6.5500,7.8100,4.5700
$50 NBA Daily 8/19,2020-08-19T23:37:04.666898,estk_82825eae0106dc30a9edb859d18234d0,evt_82825eae0106dc30,Kemba Walker,NBA,33.64,28.76,9.25,0.42,5.5200,6.9200,7.1200,3.9100
$50 NBA Daily 8/19,2020-08-19T23:37:04.666901,estk_82825eae0106dc3077c3d3d4d8ad15c5,evt_82825eae0106dc30,Tobias Harris,NBA,31.86,27.23,8.75,0.42,5.0500,6.3700,6.9700,3.7500
$50 NBA Daily 8/19,2020-08-19T23:37:04.666905,estk_82825eae0106dc30b3147c681557a264,evt_82825eae0106dc30,Josh Richardson,NBA,25.16,27.09,12.5,0.42,4.9900,4.5300,7.0100,3.7900
$50 NBA Daily 8/19,2020-08-19T23:37:04.666936,estk_82825eae0106dc302d6f8355da37442f,evt_82825eae0106dc30,Enes Kanter,NBA,9.51,22.27,16.75,0.42,3.6700,2.1900,5.0900,2.1300
$50 NBA Daily 8/19,2020-08-19T23:37:04.666947,estk_82825eae0106dc3063a58b55849249a4,evt_82825eae0106dc30,Al Horford,NBA,28.59,19.33,2.75,0.42,3.1100,5.4100,4.8300,2.0700
$50 NBA Daily 8/19,2020-08-19T23:37:04.666954,estk_82825eae0106dc30a1e25447b314f889,evt_82825eae0106dc30,Shake Milton,NBA,16.43,18.78,9.25,0.42,3.0300,2.9300,4.7200,2.2100
$50 NBA Daily 8/19,2020-08-19T23:37:04.666962,estk_82825eae0106dc30049fe8ca7bf97ec4,evt_82825eae0106dc30,Marcus Smart,NBA,25.53,16.81,2,0.42,2.6500,4.6300,4.2700,1.6600
$50 NBA Daily 8/19,2020-08-19T23:37:04.666966,estk_82825eae0106dc3041d6aa90727d2144,evt_82825eae0106dc30,Brad Wanamaker,NBA,11.78,16.33,9.5,0.42,2.5400,2.3800,4.1900,1.0900
$50 NBA Daily 8/19,2020-08-19T23:37:04.666969,estk_82825eae0106dc308c88c133edc67225,evt_82825eae0106dc30,Grant Williams,NBA,10.63,18.17,12,0.42,2.4900,2.2900,4.3100,1.1900
$50 NBA Daily 8/19,2020-08-19T23:37:04.666973,estk_82825eae0106dc3092bc30f31e413420,evt_82825eae0106dc30,Matisse Thybulle,NBA,18.44,12.95,2.25,0.42,2.0700,3.2200,3.7000,1.1900
$50 NBA Daily 8/19,2020-08-19T23:37:04.666977,estk_82825eae0106dc30201a5680f9441b5c,evt_82825eae0106dc30,Daniel Theis,NBA,20.39,12.33,0.5,0.42,2.0200,3.5200,3.5300,1.0700
$50 NBA Daily 8/19,2020-08-19T23:37:04.666982,estk_82825eae0106dc30575ca725abf50fd3,evt_82825eae0106dc30,Alec Burks,NBA,18.75,9.38,-1.5,0.42,1.6900,3.2600,3.5100,
$50 NBA Daily 8/19,2020-08-19T23:37:04.666986,estk_82825eae0106dc30233a24e71677893c,evt_82825eae0106dc30,Robert Williams,NBA,13.6,7.89,0,0.42,1.5700,2.5700,3.0800,
$50 NBA Daily 8/19,2020-08-19T23:38:05.335131,estk_82825eae0106dc307a763361bd2f9a08,evt_82825eae0106dc30,Joel Embiid,NBA,51.68,56.46,27,0.43,17.3300,9.6900,19.1800,16.1000
$50 NBA Daily 8/19,2020-08-19T23:38:05.335167,estk_82825eae0106dc30da4bddbbc347c31f,evt_82825eae0106dc30,Jayson Tatum,NBA,37.4,48.32,27,0.43,13.4100,7.7100,15.1800,12.1500
$50 NBA Daily 8/19,2020-08-19T23:38:05.335183,estk_82825eae0106dc304b8c495d9fa8db90,evt_82825eae0106dc30,Jaylen Brown,NBA,32.52,33.04,14.5,0.43,6.5800,6.5500,7.8100,4.5700
$50 NBA Daily 8/19,2020-08-19T23:38:05.335186,estk_82825eae0106dc30a9edb859d18234d0,evt_82825eae0106dc30,Kemba Walker,NBA,33.64,30.42,11.25,0.43,5.4100,6.9200,7.1200,3.9100
$50 NBA Daily 8/19,2020-08-19T23:38:05.335190,estk_82825eae0106dc3077c3d3d4d8ad15c5,evt_82825eae0106dc30,Tobias Harris,NBA,31.86,26.91,8.75,0.43,4.9200,6.3700,6.9700,3.7500
$50 NBA Daily 8/19,2020-08-19T23:38:05.335195,estk_82825eae0106dc30b3147c681557a264,evt_82825eae0106dc30,Josh Richardson,NBA,25.16,26.84,12.5,0.43,4.9100,4.5300,6.5100,3.7900
$50 NBA Daily 8/19,2020-08-19T23:38:05.335225,estk_82825eae0106dc302d6f8355da37442f,evt_82825eae0106dc30,Enes Kanter,NBA,9.51,22.17,16.75,0.43,3.6400,2.1900,5.0900,2.1300
$50 NBA Daily 8/19,2020-08-19T23:38:05.335240,estk_82825eae0106dc3063a58b55849249a4,evt_82825eae0106dc30,Al Horford,NBA,28.59,19.05,2.75,0.43,3.0300,5.4100,4.8300,2.0700
$50 NBA Daily 8/19,2020-08-19T23:38:05.335243,estk_82825eae0106dc30a1e25447b314f889,evt_82825eae0106dc30,Shake Milton,NBA,16.43,21.62,12.25,0.43,2.9300,2.9300,4.7200,2.0100
$50 NBA Daily 8/19,2020-08-19T23:38:05.335247,estk_82825eae0106dc308c88c133edc67225,evt_82825eae0106dc30,Grant Williams,NBA,10.63,18.06,12,0.43,2.8100,2.2900,4.3100,1.1900
$50 NBA Daily 8/19,2020-08-19T23:38:05.335258,estk_82825eae0106dc30049fe8ca7bf97ec4,evt_82825eae0106dc30,Marcus Smart,NBA,25.53,16.55,2,0.43,2.5700,4.6300,4.2700,1.6600
$50 NBA Daily 8/19,2020-08-19T23:38:05.335262,estk_82825eae0106dc3041d6aa90727d2144,evt_82825eae0106dc30,Brad Wanamaker,NBA,11.78,16.21,9.5,0.43,2.4900,2.3800,4.1900,1.0900
$50 NBA Daily 8/19,2020-08-19T23:38:05.335266,estk_82825eae0106dc3092bc30f31e413420,evt_82825eae0106dc30,Matisse Thybulle,NBA,18.44,12.76,2.25,0.43,2.0200,3.2200,3.7000,1.1900
$50 NBA Daily 8/19,2020-08-19T23:38:05.335270,estk_82825eae0106dc30201a5680f9441b5c,evt_82825eae0106dc30,Daniel Theis,NBA,20.39,12.12,0.5,0.43,1.9900,3.5200,3.5300,1.0700
$50 NBA Daily 8/19,2020-08-19T23:38:05.335274,estk_82825eae0106dc30575ca725abf50fd3,evt_82825eae0106dc30,Alec Burks,NBA,18.75,9.19,-1.5,0.43,1.6400,3.2600,3.5100,
$50 NBA Daily 8/19,2020-08-19T23:38:05.335278,estk_82825eae0106dc30233a24e71677893c,evt_82825eae0106dc30,Robert Williams,NBA,13.6,7.75,0,0.43,1.5400,2.5700,3.0800,
$50 NBA Daily 8/19,2020-08-19T23:41:07.370885,estk_82825eae0106dc307a763361bd2f9a08,evt_82825eae0106dc30,Joel Embiid,NBA,51.68,55.42,27,0.45,16.8200,9.6900,19.1800,16.0400
$50 NBA Daily 8/19,2020-08-19T23:41:07.370917,estk_82825eae0106dc30da4bddbbc347c31f,evt_82825eae0106dc30,Jayson Tatum,NBA,37.4,47.57,27,0.45,12.9700,7.7100,15.1800,12.1400
$50 NBA Daily 8/19,2020-08-19T23:41:07.370933,estk_82825eae0106dc304b8c495d9fa8db90,evt_82825eae0106dc30,Jaylen Brown,NBA,32.52,32.39,14.5,0.45,6.5300,6.5500,8.3600,5.1000
$50 NBA Daily 8/19,2020-08-19T23:41:07.370937,estk_82825eae0106dc3077c3d3d4d8ad15c5,evt_82825eae0106dc30,Tobias Harris,NBA,31.86,30.52,13,0.45,5.8000,6.3700,6.3900,4.1800
$50 NBA Daily 8/19,2020-08-19T23:41:07.370941,estk_82825eae0106dc30a9edb859d18234d0,evt_82825eae0106dc30,Kemba Walker,NBA,33.64,29.25,10.75,0.45,5.4100,6.9200,7.1200,4.2900
$50 NBA Daily 8/19,2020-08-19T23:41:07.370949,estk_82825eae0106dc30b3147c681557a264,evt_82825eae0106dc30,Josh Richardson,NBA,25.16,26.34,12.5,0.45,4.6200,4.5300,6.5100,3.7900
$50 NBA Daily 8/19,2020-08-19T23:41:07.370982,estk_82825eae0106dc302d6f8355da37442f,evt_82825eae0106dc30,Enes Kanter,NBA,9.51,21.98,16.75,0.45,3.5200,2.1900,5.0900,2.1300
$50 NBA Daily 8/19,2020-08-19T23:41:07.370989,estk_82825eae0106dc30a1e25447b314f889,evt_82825eae0106dc30,Shake Milton,NBA,16.43,21.29,12.25,0.45,3.3200,2.9300,4.7200,2.0100
$50 NBA Daily 8/19,2020-08-19T23:41:07.370997,estk_82825eae0106dc308c88c133edc67225,evt_82825eae0106dc30,Grant Williams,NBA,10.63,19.85,14,0.45,3.0100,2.2900,4.3100,1.4500
$50 NBA Daily 8/19,2020-08-19T23:41:07.371001,estk_82825eae0106dc3063a58b55849249a4,evt_82825eae0106dc30,Al Horford,NBA,28.59,18.47,2.75,0.45,2.7600,5.4100,4.8300,2.0700
$50 NBA Daily 8/19,2020-08-19T23:41:07.371005,estk_82825eae0106dc3041d6aa90727d2144,evt_82825eae0106dc30,Brad Wanamaker,NBA,11.78,15.98,9.5,0.45,2.3800,2.3800,4.1900,1.0900
$50 NBA Daily 8/19,2020-08-19T23:41:07.371009,estk_82825eae0106dc30049fe8ca7bf97ec4,evt_82825eae0106dc30,Marcus Smart,NBA,25.53,16.04,2,0.45,2.3600,4.6300,4.2700,1.6600
$50 NBA Daily 8/19,2020-08-19T23:41:07.371013,estk_82825eae0106dc3092bc30f31e413420,evt_82825eae0106dc30,Matisse Thybulle,NBA,18.44,12.39,2.25,0.45,1.8700,3.2200,3.7000,1.1900
$50 NBA Daily 8/19,2020-08-19T23:41:07.371017,estk_82825eae0106dc30201a5680f9441b5c,evt_82825eae0106dc30,Daniel Theis,NBA,20.39,11.71,0.5,0.45,1.8000,3.5200,3.4200,
$50 NBA Daily 8/19,2020-08-19T23:41:07.371021,estk_82825eae0106dc30575ca725abf50fd3,evt_82825eae0106dc30,Alec Burks,NBA,18.75,8.81,-1.5,0.45,1.5200,3.2600,3.5100,
$50 NBA Daily 8/19,2020-08-19T23:41:07.371025,estk_82825eae0106dc30233a24e71677893c,evt_82825eae0106dc30,Robert Williams,NBA,13.6,7.48,0,0.45,1.4600,2.5700,3.0800,
$50 NBA Daily 8/19,2020-08-19T23:42:08.086919,estk_82825eae0106dc307a763361bd2f9a08,evt_82825eae0106dc30,Joel Embiid,NBA,51.68,56.91,29,0.46,16.7700,9.6900,18.6100,15.6300
$50 NBA Daily 8/19,2020-08-19T23:42:08.086959,estk_82825eae0106dc30da4bddbbc347c31f,evt_82825eae0106dc30,Jayson Tatum,NBA,37.4,47.2,27,0.46,13.0800,7.7100,14.7300,11.8600
$50 NBA Daily 8/19,2020-08-19T23:42:08.086975,estk_82825eae0106dc304b8c495d9fa8db90,evt_82825eae0106dc30,Jaylen Brown,NBA,32.52,32.06,14.5,0.46,6.5000,6.5500,8.3600,5.1000
$50 NBA Daily 8/19,2020-08-19T23:42:08.086979,estk_82825eae0106dc3077c3d3d4d8ad15c5,evt_82825eae0106dc30,Tobias Harris,NBA,31.86,30.2,13,0.46,5.8500,6.3700,7.4200,4.2300
$50 NBA Daily 8/19,2020-08-19T23:42:08.086982,estk_82825eae0106dc30a9edb859d18234d0,evt_82825eae0106dc30,Kemba Walker,NBA,33.64,28.92,10.75,0.46,5.4700,6.9200,7.1200,4.2900
$50 NBA Daily 8/19,2020-08-19T23:42:08.087002,estk_82825eae0106dc30b3147c681557a264,evt_82825eae0106dc30,Josh Richardson,NBA,25.16,26.09,12.5,0.46,4.5500,4.5300,6.5100,3.6900
$50 NBA Daily 8/19,2020-08-19T23:42:08.087025,estk_82825eae0106dc302d6f8355da37442f,evt_82825eae0106dc30,Enes Kanter,NBA,9.51,21.89,16.75,0.46,3.4600,2.1900,5.0900,2.1300
$50 NBA Daily 8/19,2020-08-19T23:42:08.087028,estk_82825eae0106dc30a1e25447b314f889,evt_82825eae0106dc30,Shake Milton,NBA,16.43,21.12,12.25,0.46,3.3400,2.9300,4.7200,2.0100
$50 NBA Daily 8/19,2020-08-19T23:42:08.087036,estk_82825eae0106dc308c88c133edc67225,evt_82825eae0106dc30,Grant Williams,NBA,10.63,19.74,14,0.46,3.0500,2.2900,4.3100,1.4900
$50 NBA Daily 8/19,2020-08-19T23:42:08.087044,estk_82825eae0106dc3063a58b55849249a4,evt_82825eae0106dc30,Al Horford,NBA,28.59,18.19,2.75,0.46,2.7600,5.4100,4.3200,1.9500
$50 NBA Daily 8/19,2020-08-19T23:42:08.087048,estk_82825eae0106dc30049fe8ca7bf97ec4,evt_82825eae0106dc30,Marcus Smart,NBA,25.53,15.29,1.5,0.46,2.3700,4.6300,3.9100,1.3600
$50 NBA Daily 8/19,2020-08-19T23:42:08.087051,estk_82825eae0106dc3041d6aa90727d2144,evt_82825eae0106dc30,Brad Wanamaker,NBA,11.78,15.86,9.5,0.46,2.3600,2.3800,4.1900,1.0900
$50 NBA Daily 8/19,2020-08-19T23:42:08.087055,estk_82825eae0106dc3092bc30f31e413420,evt_82825eae0106dc30,Matisse Thybulle,NBA,18.44,12.21,2.25,0.46,1.8800,3.2200,3.7000,
$50 NBA Daily 8/19,2020-08-19T23:42:08.087060,estk_82825eae0106dc30201a5680f9441b5c,evt_82825eae0106dc30,Daniel Theis,NBA,20.39,11.51,0.5,0.46,1.7900,3.5200,3.4200,
$50 NBA Daily 8/19,2020-08-19T23:42:08.087064,estk_82825eae0106dc30575ca725abf50fd3,evt_82825eae0106dc30,Alec Burks,NBA,18.75,8.63,-1.5,0.46,1.5600,3.2600,3.5100,
$50 NBA Daily 8/19,2020-08-19T23:42:08.087068,estk_82825eae0106dc30233a24e71677893c,evt_82825eae0106dc30,Robert Williams,NBA,13.6,7.34,0,0.46,1.4500,2.5700,3.0800,
$50 NBA Daily 8/19,2020-08-19T23:48:11.949615,estk_82825eae0106dc307a763361bd2f9a08,evt_82825eae0106dc30,Joel Embiid,NBA,51.68,58.09,32.25,0.5,17.5500,9.6900,19.3700,15.6300
$50 NBA Daily 8/19,2020-08-19T23:48:11.949647,estk_82825eae0106dc30da4bddbbc347c31f,evt_82825eae0106dc30,Jayson Tatum,NBA,37.4,45.7,27,0.5,12.7700,7.7100,14.4600,11.6400
$50 NBA Daily 8/19,2020-08-19T23:48:11.949663,estk_82825eae0106dc304b8c495d9fa8db90,evt_82825eae0106dc30,Jaylen Brown,NBA,32.52,30.26,14,0.5,6.3900,6.5500,8.3600,5.1000
$50 NBA Daily 8/19,2020-08-19T23:48:11.949666,estk_82825eae0106dc3077c3d3d4d8ad15c5,evt_82825eae0106dc30,Tobias Harris,NBA,31.86,28.93,13,0.5,5.7400,6.3700,7.4200,4.2300
$50 NBA Daily 8/19,2020-08-19T23:48:11.949670,estk_82825eae0106dc30a9edb859d18234d0,evt_82825eae0106dc30,Kemba Walker,NBA,33.64,35.07,18.25,0.5,5.3100,6.9200,7.1200,4.2900
$50 NBA Daily 8/19,2020-08-19T23:48:11.949689,estk_82825eae0106dc30b3147c681557a264,evt_82825eae0106dc30,Josh Richardson,NBA,25.16,32.58,20,0.5,4.5700,4.5300,6.5100,3.6400
$50 NBA Daily 8/19,2020-08-19T23:48:11.949711,estk_82825eae0106dc302d6f8355da37442f,evt_82825eae0106dc30,Enes Kanter,NBA,9.51,21.5,16.75,0.5,3.4700,2.1900,5.0900,2.1300
$50 NBA Daily 8/19,2020-08-19T23:48:11.949719,estk_82825eae0106dc30a1e25447b314f889,evt_82825eae0106dc30,Shake Milton,NBA,16.43,20.46,12.25,0.5,3.2800,2.9300,4.7200,2.0100
$50 NBA Daily 8/19,2020-08-19T23:48:11.949726,estk_82825eae0106dc308c88c133edc67225,evt_82825eae0106dc30,Grant Williams,NBA,10.63,19.32,14,0.5,2.9800,2.2900,4.3100,1.4900
$50 NBA Daily 8/19,2020-08-19T23:48:11.949730,estk_82825eae0106dc3063a58b55849249a4,evt_82825eae0106dc30,Al Horford,NBA,28.59,17.05,2.75,0.5,2.7700,5.4100,4.3200,1.6900
$50 NBA Daily 8/19,2020-08-19T23:48:11.949734,estk_82825eae0106dc3041d6aa90727d2144,evt_82825eae0106dc30,Brad Wanamaker,NBA,11.78,15.39,9.5,0.5,2.3600,2.3800,4.1900,1.0900
$50 NBA Daily 8/19,2020-08-19T23:48:11.949738,estk_82825eae0106dc30049fe8ca7bf97ec4,evt_82825eae0106dc30,Marcus Smart,NBA,25.53,14.27,1.5,0.5,2.2400,4.6300,3.9100,1.3600
$50 NBA Daily 8/19,2020-08-19T23:48:11.949742,estk_82825eae0106dc3092bc30f31e413420,evt_82825eae0106dc30,Matisse Thybulle,NBA,18.44,12.72,3.5,0.5,1.8300,3.2200,3.7000,
$50 NBA Daily 8/19,2020-08-19T23:48:11.949746,estk_82825eae0106dc30201a5680f9441b5c,evt_82825eae0106dc30,Daniel Theis,NBA,20.39,10.7,0.5,0.5,1.7900,3.5200,3.4200,
$50 NBA Daily 8/19,2020-08-19T23:48:11.949750,estk_82825eae0106dc30575ca725abf50fd3,evt_82825eae0106dc30,Alec Burks,NBA,18.75,7.88,-1.5,0.5,1.5300,3.2600,3.5100,
$50 NBA Daily 8/19,2020-08-19T23:48:11.949754,estk_82825eae0106dc30233a24e71677893c,evt_82825eae0106dc30,Robert Williams,NBA,13.6,6.8,0,0.5,1.4400,2.5700,3.0800,
$50 NBA Daily 8/19,2020-08-20T00:05:23.526196,estk_82825eae0106dc307a763361bd2f9a08,evt_82825eae0106dc30,Joel Embiid,NBA,51.68,57.07,31.75,0.51,18.7400,9.6900,20.7000,17.0200
$50 NBA Daily 8/19,2020-08-20T00:05:23.526231,estk_82825eae0106dc30da4bddbbc347c31f,evt_82825eae0106dc30,Jayson Tatum,NBA,37.4,48.58,30.25,0.51,12.3700,7.7100,13.6900,10.6700
$50 NBA Daily 8/19,2020-08-20T00:05:23.526246,estk_82825eae0106dc30a9edb859d18234d0,evt_82825eae0106dc30,Kemba Walker,NBA,33.64,34.73,18.25,0.51,7.5000,6.9200,9.1100,5.8900
$50 NBA Daily 8/19,2020-08-20T00:05:23.526250,estk_82825eae0106dc30b3147c681557a264,evt_82825eae0106dc30,Josh Richardson,NBA,25.16,32.33,20,0.51,6.5200,4.5300,8.0500,4.9500
$50 NBA Daily 8/19,2020-08-20T00:05:23.526254,estk_82825eae0106dc304b8c495d9fa8db90,evt_82825eae0106dc30,Jaylen Brown,NBA,32.52,29.93,14,0.51,5.7500,6.5500,7.2300,4.5700
$50 NBA Daily 8/19,2020-08-20T00:05:23.526259,estk_82825eae0106dc3077c3d3d4d8ad15c5,evt_82825eae0106dc30,Tobias Harris,NBA,31.86,28.61,13,0.51,5.1900,6.3700,6.8100,4.2300
$50 NBA Daily 8/19,2020-08-20T00:05:23.526300,estk_82825eae0106dc302d6f8355da37442f,evt_82825eae0106dc30,Enes Kanter,NBA,9.51,21.41,16.75,0.51,3.1600,2.1900,5.0900,2.1300
$50 NBA Daily 8/19,2020-08-20T00:05:23.526304,estk_82825eae0106dc30a1e25447b314f889,evt_82825eae0106dc30,Shake Milton,NBA,16.43,20.3,12.25,0.51,2.9500,2.9300,4.7200,2.0100
$50 NBA Daily 8/19,2020-08-20T00:05:23.526311,estk_82825eae0106dc308c88c133edc67225,evt_82825eae0106dc30,Grant Williams,NBA,10.63,19.21,14,0.51,2.6700,2.2900,4.3100,1.4900
$50 NBA Daily 8/19,2020-08-20T00:05:23.526315,estk_82825eae0106dc3063a58b55849249a4,evt_82825eae0106dc30,Al Horford,NBA,28.59,16.76,2.75,0.51,2.3000,5.4100,4.3200,1.3300
$50 NBA Daily 8/19,2020-08-20T00:05:23.526319,estk_82825eae0106dc3041d6aa90727d2144,evt_82825eae0106dc30,Brad Wanamaker,NBA,11.78,15.27,9.5,0.51,2.0400,2.3800,3.6800,1.0900
$50 NBA Daily 8/19,2020-08-20T00:05:23.526323,estk_82825eae0106dc30049fe8ca7bf97ec4,evt_82825eae0106dc30,Marcus Smart,NBA,25.53,14.01,1.5,0.51,1.9000,4.6300,3.5600,1.1000
$50 NBA Daily 8/19,2020-08-20T00:05:23.526327,estk_82825eae0106dc3092bc30f31e413420,evt_82825eae0106dc30,Matisse Thybulle,NBA,18.44,12.54,3.5,0.51,1.7200,3.2200,3.7000,
$50 NBA Daily 8/19,2020-08-20T00:05:23.526331,estk_82825eae0106dc30201a5680f9441b5c,evt_82825eae0106dc30,Daniel Theis,NBA,20.39,10.49,0.5,0.51,1.5400,3.5200,3.4200,
$50 NBA Daily 8/19,2020-08-20T00:05:23.526336,estk_82825eae0106dc30575ca725abf50fd3,evt_82825eae0106dc30,Alec Burks,NBA,18.75,7.69,-1.5,0.51,1.3300,3.2600,3.5100,
$50 NBA Daily 8/19,2020-08-20T00:05:23.526340,estk_82825eae0106dc30233a24e71677893c,evt_82825eae0106dc30,Robert Williams,NBA,13.6,6.66,0,0.51,1.2800,2.5700,3.0800,
$50 NBA Daily 8/19,2020-08-20T00:07:24.898117,estk_82825eae0106dc307a763361bd2f9a08,evt_82825eae0106dc30,Joel Embiid,NBA,51.68,55.76,32.5,0.55,17.9800,9.6900,20.0900,16.4300
$50 NBA Daily 8/19,2020-08-20T00:07:24.898155,estk_82825eae0106dc30da4bddbbc347c31f,evt_82825eae0106dc30,Jayson Tatum,NBA,37.4,46.58,29.75,0.55,13.0400,7.7100,14.8000,11.2800
$50 NBA Daily 8/19,2020-08-20T00:07:24.898171,estk_82825eae0106dc30a9edb859d18234d0,evt_82825eae0106dc30,Kemba Walker,NBA,33.64,32.89,17.75,0.55,6.7300,6.9200,,5.8400
$50 NBA Daily 8/19,2020-08-20T00:07:24.898175,estk_82825eae0106dc30b3147c681557a264,evt_82825eae0106dc30,Josh Richardson,NBA,25.16,32.07,20.75,0.55,6.4000,4.5300,8.0500,4.9500
$50 NBA Daily 8/19,2020-08-20T00:07:24.898179,estk_82825eae0106dc304b8c495d9fa8db90,evt_82825eae0106dc30,Jaylen Brown,NBA,32.52,30.63,16,0.55,5.8900,6.5500,7.2300,4.5700
$50 NBA Daily 8/19,2020-08-20T00:07:24.898183,estk_82825eae0106dc3077c3d3d4d8ad15c5,evt_82825eae0106dc30,Tobias Harris,NBA,31.86,27.59,13.25,0.55,4.9000,6.3700,6.8100,4.1900
$50 NBA Daily 8/19,2020-08-20T00:07:24.898225,estk_82825eae0106dc302d6f8355da37442f,evt_82825eae0106dc30,Enes Kanter,NBA,9.51,21.03,16.75,0.55,3.1100,2.1900,5.0900,2.1300
$50 NBA Daily 8/19,2020-08-20T00:07:24.898232,estk_82825eae0106dc30a1e25447b314f889,evt_82825eae0106dc30,Shake Milton,NBA,16.43,19.64,12.25,0.55,2.7700,2.9300,4.7200,2.0100
$50 NBA Daily 8/19,2020-08-20T00:07:24.898237,estk_82825eae0106dc308c88c133edc67225,evt_82825eae0106dc30,Grant Williams,NBA,10.63,18.78,14,0.55,2.5700,2.2900,4.3100,1.4900
$50 NBA Daily 8/19,2020-08-20T00:07:24.898241,estk_82825eae0106dc30049fe8ca7bf97ec4,evt_82825eae0106dc30,Marcus Smart,NBA,25.53,16.24,4.75,0.55,2.1800,4.6300,3.4100,
$50 NBA Daily 8/19,2020-08-20T00:07:24.898245,estk_82825eae0106dc3063a58b55849249a4,evt_82825eae0106dc30,Al Horford,NBA,28.59,15.62,2.75,0.55,2.0900,5.4100,3.8000,1.2000
$50 NBA Daily 8/19,2020-08-20T00:07:24.898249,estk_82825eae0106dc3041d6aa90727d2144,evt_82825eae0106dc30,Brad Wanamaker,NBA,11.78,14.8,9.5,0.55,1.9400,2.3800,3.6800,1.0900
$50 NBA Daily 8/19,2020-08-20T00:07:24.898253,estk_82825eae0106dc3092bc30f31e413420,evt_82825eae0106dc30,Matisse Thybulle,NBA,18.44,11.8,3.5,0.55,1.6100,3.2200,,
$50 NBA Daily 8/19,2020-08-20T00:07:24.898257,estk_82825eae0106dc30201a5680f9441b5c,evt_82825eae0106dc30,Daniel Theis,NBA,20.39,10.93,1.75,0.55,1.5200,3.5200,3.4200,
$50 NBA Daily 8/19,2020-08-20T00:07:24.898262,estk_82825eae0106dc30575ca725abf50fd3,evt_82825eae0106dc30,Alec Burks,NBA,18.75,6.94,-1.5,0.55,1.2500,2.9400,2.9400,
$50 NBA Daily 8/19,2020-08-20T00:07:24.898266,estk_82825eae0106dc30233a24e71677893c,evt_82825eae0106dc30,Robert Williams,NBA,13.6,6.12,0,0.55,1.2200,2.5700,3.0800,
$50 NBA Daily 8/19,2020-08-20T00:09:26.339589,estk_82825eae0106dc307a763361bd2f9a08,evt_82825eae0106dc30,Joel Embiid,NBA,51.68,57.24,34.5,0.56,18.6800,9.6900,20.0900,16.8100
$50 NBA Daily 8/19,2020-08-20T00:09:26.339621,estk_82825eae0106dc30da4bddbbc347c31f,evt_82825eae0106dc30,Jayson Tatum,NBA,37.4,46.21,29.75,0.56,12.7900,7.7100,14.8000,11.2800
$50 NBA Daily 8/19,2020-08-20T00:09:26.339637,estk_82825eae0106dc30a9edb859d18234d0,evt_82825eae0106dc30,Kemba Walker,NBA,33.64,32.55,17.75,0.56,6.5700,6.9200,8.3600,5.8400
$50 NBA Daily 8/19,2020-08-20T00:09:26.339641,estk_82825eae0106dc30b3147c681557a264,evt_82825eae0106dc30,Josh Richardson,NBA,25.16,31.82,20.75,0.56,6.3900,4.5300,8.0500,4.9500
$50 NBA Daily 8/19,2020-08-20T00:09:26.339645,estk_82825eae0106dc304b8c495d9fa8db90,evt_82825eae0106dc30,Jaylen Brown,NBA,32.52,30.31,16,0.56,5.8400,6.5500,7.2300,4.5700
$50 NBA Daily 8/19,2020-08-20T00:09:26.339649,estk_82825eae0106dc3077c3d3d4d8ad15c5,evt_82825eae0106dc30,Tobias Harris,NBA,31.86,27.27,13.25,0.56,4.7700,6.3700,6.8100,3.7500
$50 NBA Daily 8/19,2020-08-20T00:09:26.339690,estk_82825eae0106dc302d6f8355da37442f,evt_82825eae0106dc30,Enes Kanter,NBA,9.51,20.93,16.75,0.56,3.0400,2.1900,5.0900,2.1300
$50 NBA Daily 8/19,2020-08-20T00:09:26.339694,estk_82825eae0106dc30a1e25447b314f889,evt_82825eae0106dc30,Shake Milton,NBA,16.43,20.73,13.5,0.56,3.0000,2.9300,4.7200,1.9500
$50 NBA Daily 8/19,2020-08-20T00:09:26.339702,estk_82825eae0106dc308c88c133edc67225,evt_82825eae0106dc30,Grant Williams,NBA,10.63,18.68,14,0.56,2.5700,2.2900,4.3100,1.4900
$50 NBA Daily 8/19,2020-08-20T00:09:26.339706,estk_82825eae0106dc30049fe8ca7bf97ec4,evt_82825eae0106dc30,Marcus Smart,NBA,25.53,15.98,4.75,0.56,2.1300,4.6300,3.4100,
$50 NBA Daily 8/19,2020-08-20T00:09:26.339710,estk_82825eae0106dc3063a58b55849249a4,evt_82825eae0106dc30,Al Horford,NBA,28.59,15.33,2.75,0.56,2.0100,5.4100,3.8000,1.2000
$50 NBA Daily 8/19,2020-08-20T00:09:26.339713,estk_82825eae0106dc3041d6aa90727d2144,evt_82825eae0106dc30,Brad Wanamaker,NBA,11.78,14.68,9.5,0.56,1.9300,2.3800,3.6800,1.0900
$50 NBA Daily 8/19,2020-08-20T00:09:26.339718,estk_82825eae0106dc3092bc30f31e413420,evt_82825eae0106dc30,Matisse Thybulle,NBA,18.44,11.61,3.5,0.56,1.5900,3.2200,3.1400,
$50 NBA Daily 8/19,2020-08-20T00:09:26.339722,estk_82825eae0106dc30201a5680f9441b5c,evt_82825eae0106dc30,Daniel Theis,NBA,20.39,10.22,1.25,0.56,1.4500,3.5200,3.4200,
$50 NBA Daily 8/19,2020-08-20T00:09:26.339726,estk_82825eae0106dc30575ca725abf50fd3,evt_82825eae0106dc30,Alec Burks,NBA,18.75,6.75,-1.5,0.56,1.2400,2.9400,2.9400,
$50 NBA Daily 8/19,2020-08-20T00:09:26.339730,estk_82825eae0106dc30233a24e71677893c,evt_82825eae0106dc30,Robert Williams,NBA,13.6,5.98,0,0.56,1.2100,2.5700,3.0800,
$50 NBA Daily 8/19,2020-08-20T00:10:27.007746,estk_82825eae0106dc307a763361bd2f9a08,evt_82825eae0106dc30,Joel Embiid,NBA,51.68,56.21,34.5,0.58,18.6800,9.6900,20.0900,16.8100
$50 NBA Daily 8/19,2020-08-20T00:10:27.007782,estk_82825eae0106dc30da4bddbbc347c31f,evt_82825eae0106dc30,Jayson Tatum,NBA,37.4,46.96,31.25,0.58,12.7900,7.7100,14.8000,11.2800
$50 NBA Daily 8/19,2020-08-20T00:10:27.007798,estk_82825eae0106dc30a9edb859d18234d0,evt_82825eae0106dc30,Kemba Walker,NBA,33.64,31.88,17.75,0.58,6.5700,6.9200,8.3600,5.1000
$50 NBA Daily 8/19,2020-08-20T00:10:27.007802,estk_82825eae0106dc30b3147c681557a264,evt_82825eae0106dc30,Josh Richardson,NBA,25.16,30.32,19.75,0.58,6.3900,4.5300,8.0500,4.9500
$50 NBA Daily 8/19,2020-08-20T00:10:27.007806,estk_82825eae0106dc304b8c495d9fa8db90,evt_82825eae0106dc30,Jaylen Brown,NBA,32.52,30.91,17.25,0.58,5.8400,6.5500,7.2300,4.5700
$50 NBA Daily 8/19,2020-08-20T00:10:27.007810,estk_82825eae0106dc3077c3d3d4d8ad15c5,evt_82825eae0106dc30,Tobias Harris,NBA,31.86,29.13,15.75,0.58,4.7700,6.3700,6.8100,3.7500
$50 NBA Daily 8/19,2020-08-20T00:10:27.007851,estk_82825eae0106dc302d6f8355da37442f,evt_82825eae0106dc30,Enes Kanter,NBA,9.51,20.74,16.75,0.58,3.0400,2.1900,5.0900,2.1300
$50 NBA Daily 8/19,2020-08-20T00:10:27.007854,estk_82825eae0106dc30a1e25447b314f889,evt_82825eae0106dc30,Shake Milton,NBA,16.43,20.4,13.5,0.58,3.0000,2.9300,4.7200,1.9500
$50 NBA Daily 8/19,2020-08-20T00:10:27.007862,estk_82825eae0106dc308c88c133edc67225,evt_82825eae0106dc30,Grant Williams,NBA,10.63,18.46,14,0.58,2.5700,2.2900,4.3100,1.4900
$50 NBA Daily 8/19,2020-08-20T00:10:27.007866,estk_82825eae0106dc30049fe8ca7bf97ec4,evt_82825eae0106dc30,Marcus Smart,NBA,25.53,17.97,7.25,0.58,2.1300,4.6300,3.4100,
$50 NBA Daily 8/19,2020-08-20T00:10:27.007870,estk_82825eae0106dc3063a58b55849249a4,evt_82825eae0106dc30,Al Horford,NBA,28.59,14.76,2.75,0.58,2.0100,5.4100,3.8000,1.2000
$50 NBA Daily 8/19,2020-08-20T00:10:27.007875,estk_82825eae0106dc3041d6aa90727d2144,evt_82825eae0106dc30,Brad Wanamaker,NBA,11.78,14.45,9.5,0.58,1.9300,2.3800,3.6800,1.0900
$50 NBA Daily 8/19,2020-08-20T00:10:27.007878,estk_82825eae0106dc3092bc30f31e413420,evt_82825eae0106dc30,Matisse Thybulle,NBA,18.44,10.74,3,0.58,1.5900,3.2200,3.1400,
$50 NBA Daily 8/19,2020-08-20T00:10:27.007883,estk_82825eae0106dc30201a5680f9441b5c,evt_82825eae0106dc30,Daniel Theis,NBA,20.39,11.81,3.25,0.58,1.4500,3.5200,2.9800,
$50 NBA Daily 8/19,2020-08-20T00:10:27.007887,estk_82825eae0106dc30575ca725abf50fd3,evt_82825eae0106dc30,Alec Burks,NBA,18.75,6.38,-1.5,0.58,1.2400,2.9400,2.9400,
$50 NBA Daily 8/19,2020-08-20T00:10:27.007891,estk_82825eae0106dc30233a24e71677893c,evt_82825eae0106dc30,Robert Williams,NBA,13.6,5.71,0,0.58,1.2100,2.5700,3.0800,
$50 NBA Daily 8/19,2020-08-20T00:11:27.861920,estk_82825eae0106dc307a763361bd2f9a08,evt_82825eae0106dc30,Joel Embiid,NBA,51.68,57.19,36,0.59,18.2300,9.6900,20.0900,16.8100
$50 NBA Daily 8/19,2020-08-20T00:11:27.861955,estk_82825eae0106dc30da4bddbbc347c31f,evt_82825eae0106dc30,Jayson Tatum,NBA,37.4,48.08,32.75,0.59,13.2600,7.7100,14.8000,11.2800
$50 NBA Daily 8/19,2020-08-20T00:11:27.861970,estk_82825eae0106dc30a9edb859d18234d0,evt_82825eae0106dc30,Kemba Walker,NBA,33.64,33.04,19.25,0.59,6.3800,6.9200,8.3600,5.1000
