name,time,id,event_id,stock_name,sector,fantasy_points_projected,fantasy_points_projected_live,fantasy_points_scored,amount_completed,estimated_price,last_price,ask_price,bid_price
$150 NBA Daily 8/7,2020-08-07T10:36:13.522876,estk_ee6d6eebbcb927ca7a763361bd2f9a08,evt_ee6d6eebbcb927ca,Joel Embiid,NBA,46.09,,,,10.7500,8.7300,,
$150 NBA Daily 8/7,2020-08-07T10:36:13.522876,estk_ee6d6eebbcb927ca92a366f55dc75d93,evt_ee6d6eebbcb927ca,Jrue Holiday,NBA,38.96,,,,8.1700,6.6100,,
$150 NBA Daily 8/7,2020-08-07T10:36:13.522876,estk_ee6d6eebbcb927ca10eefe2828c2cb3c,evt_ee6d6eebbcb927ca,Thomas Bryant,NBA,38.11,,,,7.9900,6.3600,,
$150 NBA Daily 8/7,2020-08-07T10:36:13.522876,estk_ee6d6eebbcb927caf6c7d554d2fa9f75,evt_ee6d6eebbcb927ca,Nikola Vucevic,NBA,37.67,,,,7.7900,6.2500,,
$150 NBA Daily 8/7,2020-08-07T10:36:13.522876,estk_ee6d6eebbcb927cada4bddbbc347c31f,evt_ee6d6eebbcb927ca,Jayson Tatum,NBA,36.54,,,,7.4200,5.9600,,
$150 NBA Daily 8/7,2020-08-07T10:36:13.522876,estk_ee6d6eebbcb927cafcc6299cf30b55e3,evt_ee6d6eebbcb927ca,Ben Simmons,NBA,35.58,,,,7.1200,5.7200,,
$150 NBA Daily 8/7,2020-08-07T10:36:13.522876,estk_ee6d6eebbcb927ca7c131e7cfd4ca8ad,evt_ee6d6eebbcb927ca,Pascal Siakam,NBA,35.43,,,,7.0900,5.6900,,
$150 NBA Daily 8/7,2020-08-07T10:36:13.522876,estk_ee6d6eebbcb927ca50924ad9a2f1f059,evt_ee6d6eebbcb927ca,Brandon Ingram,NBA,33.96,,,,6.6100,5.3600,,
$150 NBA Daily 8/7,2020-08-07T10:36:13.522876,estk_ee6d6eebbcb927ca9f778e9b41f860a6,evt_ee6d6eebbcb927ca,Zion Williamson,NBA,33.85,,,,6.6100,5.3200,,
$150 NBA Daily 8/7,2020-08-07T10:36:13.522876,estk_ee6d6eebbcb927cacd439276c8d11f5d,evt_ee6d6eebbcb927ca,Fred VanVleet,NBA,32.43,,,,6.2500,5.0200,,
$150 NBA Daily 8/7,2020-08-07T10:36:13.522876,estk_ee6d6eebbcb927caf7c5bbc448149f99,evt_ee6d6eebbcb927ca,Gordon Hayward,NBA,31.38,,,,5.8200,4.7900,,
$150 NBA Daily 8/7,2020-08-07T10:36:13.522876,estk_ee6d6eebbcb927caa9edb859d18234d0,evt_ee6d6eebbcb927ca,Kemba Walker,NBA,30.97,,,,5.7900,4.7200,,
$150 NBA Daily 8/7,2020-08-07T10:36:13.522876,estk_ee6d6eebbcb927ca4b8c495d9fa8db90,evt_ee6d6eebbcb927ca,Jaylen Brown,NBA,30.74,,,,5.6800,4.6800,,
$150 NBA Daily 8/7,2020-08-07T10:36:13.522876,estk_ee6d6eebbcb927cacc28fb3568e3a1d6,evt_ee6d6eebbcb927ca,Kyle Lowry,NBA,30.33,,,,5.6500,4.6000,,
$150 NBA Daily 8/7,2020-08-07T10:36:13.522876,estk_ee6d6eebbcb927ca55ca3ac70f0e0b62,evt_ee6d6eebbcb927ca,Lonzo Ball,NBA,29.82,,,,5.4600,4.4700,,
$150 NBA Daily 8/7,2020-08-07T10:36:13.522876,estk_ee6d6eebbcb927ca77c3d3d4d8ad15c5,evt_ee6d6eebbcb927ca,Tobias Harris,NBA,29.74,,,,5.4600,4.4700,,
$150 NBA Daily 8/7,2020-08-07T10:36:13.522876,estk_ee6d6eebbcb927ca63a58b55849249a4,evt_ee6d6eebbcb927ca,Al Horford,NBA,29.03,,,,5.2900,4.3200,,
$150 NBA Daily 8/7,2020-08-07T10:36:13.522876,estk_ee6d6eebbcb927ca13a6a7603aa51437,evt_ee6d6eebbcb927ca,Troy Brown,NBA,27.03,,,,4.7800,3.9600,,
$150 NBA Daily 8/7,2020-08-07T10:36:13.522876,estk_ee6d6eebbcb927cab4cad04e823623ff,evt_ee6d6eebbcb927ca,Derrick Favors,NBA,26.54,,,,4.7100,3.8600,,
$150 NBA Daily 8/7,2020-08-07T10:36:13.522876,estk_ee6d6eebbcb927cad70447b8832098dc,evt_ee6d6eebbcb927ca,Rui Hachimura,NBA,25.79,,,,4.5500,3.7400,,
$150 NBA Daily 8/7,2020-08-07T10:36:13.522876,estk_ee6d6eebbcb927ca049fe8ca7bf97ec4,evt_ee6d6eebbcb927ca,Marcus Smart,NBA,25.89,,,,4.5300,3.7500,,
$150 NBA Daily 8/7,2020-08-07T10:36:13.522876,estk_ee6d6eebbcb927ca201a5680f9441b5c,evt_ee6d6eebbcb927ca,Daniel Theis,NBA,24.88,,,,4.3200,3.5700,,
$150 NBA Daily 8/7,2020-08-07T10:36:13.522876,estk_ee6d6eebbcb927cad846b1bc06a60007,evt_ee6d6eebbcb927ca,Marc Gasol,NBA,24.09,,,,4.1500,3.4500,,
$150 NBA Daily 8/7,2020-08-07T10:36:13.523877,estk_ee6d6eebbcb927ca58d79b9f2662f624,evt_ee6d6eebbcb927ca,Evan Fournier,NBA,22.97,,,,3.9800,3.3000,,
$150 NBA Daily 8/7,2020-08-07T10:36:13.523877,estk_ee6d6eebbcb927cab3147c681557a264,evt_ee6d6eebbcb927ca,Josh Richardson,NBA,23.09,,,,3.9600,3.3400,,
$150 NBA Daily 8/7,2020-08-07T10:36:13.523877,estk_ee6d6eebbcb927ca9f8e5b254a67e7a0,evt_ee6d6eebbcb927ca,Shabazz Napier,NBA,22.71,,,,3.8600,3.2500,,
$150 NBA Daily 8/7,2020-08-07T10:36:13.523877,estk_ee6d6eebbcb927caacf9036f85b48468,evt_ee6d6eebbcb927ca,Ish Smith,NBA,21.98,,,,3.7900,3.1400,,
$150 NBA Daily 8/7,2020-08-07T10:36:13.523877,estk_ee6d6eebbcb927ca663b3162753394ed,evt_ee6d6eebbcb927ca,Terrence Ross,NBA,21.69,,,,3.6900,3.1000,,
$150 NBA Daily 8/7,2020-08-07T10:36:13.523877,estk_ee6d6eebbcb927ca5cdd05960889fa04,evt_ee6d6eebbcb927ca,Serge Ibaka,NBA,21.67,,,,3.6800,3.1000,,
$150 NBA Daily 8/7,2020-08-07T10:36:13.523877,estk_ee6d6eebbcb927caa1e25447b314f889,evt_ee6d6eebbcb927ca,Shake Milton,NBA,20.67,,,,3.5200,2.9600,,
$150 NBA Daily 8/7,2020-08-07T10:36:13.523877,estk_ee6d6eebbcb927ca82db34a5ef5dff8e,evt_ee6d6eebbcb927ca,OG Anunoby,NBA,20.1,,,,3.4200,2.8800,,
$150 NBA Daily 8/7,2020-08-07T10:36:13.523877,estk_ee6d6eebbcb927ca3298b0c055fa35dd,evt_ee6d6eebbcb927ca,JJ Redick,NBA,19.98,,,,3.4000,2.8700,,
$150 NBA Daily 8/7,2020-08-07T10:36:13.523877,estk_ee6d6eebbcb927ca7d8f05cf2dd6dbea,evt_ee6d6eebbcb927ca,D.J. Augustin,NBA,19.57,,,,3.3500,2.8100,,
$150 NBA Daily 8/7,2020-08-07T10:36:13.523877,estk_ee6d6eebbcb927ca156a3aaad17a2e07,evt_ee6d6eebbcb927ca,Isaac Bonga,NBA,19.08,,,,3.2900,2.7600,,
$150 NBA Daily 8/7,2020-08-07T10:36:13.523877,estk_ee6d6eebbcb927ca920bf5c1b3a99895,evt_ee6d6eebbcb927ca,Jerome Robinson,NBA,19.29,,,,3.2700,2.7900,,
$150 NBA Daily 8/7,2020-08-07T10:36:13.523877,estk_ee6d6eebbcb927ca1b62dea0e6c0b803,evt_ee6d6eebbcb927ca,Nicolo Melli,NBA,17.8,,,,3.0600,2.6200,,
$150 NBA Daily 8/7,2020-08-07T10:36:13.523877,estk_ee6d6eebbcb927caf95aa87cc77383be,evt_ee6d6eebbcb927ca,Markelle Fultz,NBA,17.25,,,,2.9300,2.5400,,
$150 NBA Daily 8/7,2020-08-07T10:36:13.523877,estk_ee6d6eebbcb927ca6de03cb5c6424ccc,evt_ee6d6eebbcb927ca,Norman Powell,NBA,16.29,,,,2.8600,2.4400,,
$150 NBA Daily 8/7,2020-08-07T10:36:13.523877,estk_ee6d6eebbcb927ca01e420d6a93820ae,evt_ee6d6eebbcb927ca,Josh Hart,NBA,16.04,,,,2.8000,2.4000,,
$150 NBA Daily 8/7,2020-08-07T10:36:13.523877,estk_ee6d6eebbcb927ca89a4b98163393691,evt_ee6d6eebbcb927ca,Raul Neto,NBA,15.81,,,,2.7800,2.4000,,
$150 NBA Daily 8/7,2020-08-07T10:36:13.523877,estk_ee6d6eebbcb927ca2d6f8355da37442f,evt_ee6d6eebbcb927ca,Enes Kanter,NBA,15.28,,,,2.6600,2.3300,,
$150 NBA Daily 8/7,2020-08-07T10:36:13.523877,estk_ee6d6eebbcb927ca8b0372db86dba9af,evt_ee6d6eebbcb927ca,Furkan Korkmaz,NBA,14.71,,,,2.6100,2.2800,,
$150 NBA Daily 8/7,2020-08-07T10:36:13.523877,estk_ee6d6eebbcb927ca5684a141296027b3,evt_ee6d6eebbcb927ca,James Ennis,NBA,14.35,,,,2.5700,2.2600,,
$150 NBA Daily 8/7,2020-08-07T10:36:13.523877,estk_ee6d6eebbcb927ca0b618101d2ec3008,evt_ee6d6eebbcb927ca,Moritz Wagner,NBA,12.62,,,,2.3700,2.0900,,
$150 NBA Daily 8/7,2020-08-07T10:36:13.523877,estk_ee6d6eebbcb927ca92bc30f31e413420,evt_ee6d6eebbcb927ca,Matisse Thybulle,NBA,11.92,,,,2.2800,2.0200,,
$150 NBA Daily 8/7,2020-08-07T10:36:13.523877,estk_ee6d6eebbcb927cab5fd25e4dceadb5c,evt_ee6d6eebbcb927ca,Terence Davis,NBA,10.73,,,,2.1600,1.9200,,
$150 NBA Daily 8/7,2020-08-07T10:36:13.523877,estk_ee6d6eebbcb927ca55086ea38656fe99,evt_ee6d6eebbcb927ca,Aaron Gordon,NBA,0,,,,1.0000,2.3400,,
$150 NBA Daily 8/7,2020-08-07T10:36:13.523877,estk_ee6d6eebbcb927ca5a3d5db921064e90,evt_ee6d6eebbcb927ca,Michael Carter-Williams,NBA,0,,,,1.0000,1.0000,,
$150 NBA Daily 8/7,2020-08-07T10:39:00.629234,estk_ee6d6eebbcb927ca7a763361bd2f9a08,evt_ee6d6eebbcb927ca,Joel Embiid,NBA,46.09,,,,10.8400,8.7300,,
$150 NBA Daily 8/7,2020-08-07T10:39:00.629234,estk_ee6d6eebbcb927ca92a366f55dc75d93,evt_ee6d6eebbcb927ca,Jrue Holiday,NBA,38.96,,,,8.1300,6.6100,,
$150 NBA Daily 8/7,2020-08-07T10:39:00.629234,estk_ee6d6eebbcb927ca10eefe2828c2cb3c,evt_ee6d6eebbcb927ca,Thomas Bryant,NBA,38.11,,,,7.9400,6.3900,,
$150 NBA Daily 8/7,2020-08-07T10:39:00.629234,estk_ee6d6eebbcb927caf6c7d554d2fa9f75,evt_ee6d6eebbcb927ca,Nikola Vucevic,NBA,37.67,,,,7.7800,6.2600,,
$150 NBA Daily 8/7,2020-08-07T10:39:00.629234,estk_ee6d6eebbcb927cada4bddbbc347c31f,evt_ee6d6eebbcb927ca,Jayson Tatum,NBA,36.54,,,,7.3700,5.9600,,
$150 NBA Daily 8/7,2020-08-07T10:39:00.629234,estk_ee6d6eebbcb927cafcc6299cf30b55e3,evt_ee6d6eebbcb927ca,Ben Simmons,NBA,35.58,,,,7.1100,5.7300,,
$150 NBA Daily 8/7,2020-08-07T10:39:00.629234,estk_ee6d6eebbcb927ca7c131e7cfd4ca8ad,evt_ee6d6eebbcb927ca,Pascal Siakam,NBA,35.43,,,,7.0300,5.6900,,
$150 NBA Daily 8/7,2020-08-07T10:39:00.629234,estk_ee6d6eebbcb927ca9f778e9b41f860a6,evt_ee6d6eebbcb927ca,Zion Williamson,NBA,33.85,,,,6.5500,5.3500,,
$150 NBA Daily 8/7,2020-08-07T10:39:00.629234,estk_ee6d6eebbcb927ca50924ad9a2f1f059,evt_ee6d6eebbcb927ca,Brandon Ingram,NBA,33.96,,,,6.5400,5.3700,,
$150 NBA Daily 8/7,2020-08-07T10:39:00.629234,estk_ee6d6eebbcb927cacd439276c8d11f5d,evt_ee6d6eebbcb927ca,Fred VanVleet,NBA,32.43,,,,6.1700,5.0200,,
$150 NBA Daily 8/7,2020-08-07T10:39:00.630233,estk_ee6d6eebbcb927caf7c5bbc448149f99,evt_ee6d6eebbcb927ca,Gordon Hayward,NBA,31.38,,,,5.9200,4.8200,,
$150 NBA Daily 8/7,2020-08-07T10:39:00.630233,estk_ee6d6eebbcb927caa9edb859d18234d0,evt_ee6d6eebbcb927ca,Kemba Walker,NBA,30.97,,,,5.7700,4.7200,,
$150 NBA Daily 8/7,2020-08-07T10:39:00.630233,estk_ee6d6eebbcb927ca4b8c495d9fa8db90,evt_ee6d6eebbcb927ca,Jaylen Brown,NBA,30.74,,,,5.7600,4.7000,,
$150 NBA Daily 8/7,2020-08-07T10:39:00.630233,estk_ee6d6eebbcb927cacc28fb3568e3a1d6,evt_ee6d6eebbcb927ca,Kyle Lowry,NBA,30.33,,,,5.6200,4.6000,,
$150 NBA Daily 8/7,2020-08-07T10:39:00.630233,estk_ee6d6eebbcb927ca55ca3ac70f0e0b62,evt_ee6d6eebbcb927ca,Lonzo Ball,NBA,29.82,,,,5.5300,4.4800,,
$150 NBA Daily 8/7,2020-08-07T10:39:00.630233,estk_ee6d6eebbcb927ca77c3d3d4d8ad15c5,evt_ee6d6eebbcb927ca,Tobias Harris,NBA,29.74,,,,5.4800,4.4800,,
$150 NBA Daily 8/7,2020-08-07T10:39:00.630233,estk_ee6d6eebbcb927ca63a58b55849249a4,evt_ee6d6eebbcb927ca,Al Horford,NBA,29.03,,,,5.3000,4.3200,,
$150 NBA Daily 8/7,2020-08-07T10:39:00.630233,estk_ee6d6eebbcb927ca13a6a7603aa51437,evt_ee6d6eebbcb927ca,Troy Brown,NBA,27.03,,,,4.7800,3.9600,,
$150 NBA Daily 8/7,2020-08-07T10:39:00.630233,estk_ee6d6eebbcb927cab4cad04e823623ff,evt_ee6d6eebbcb927ca,Derrick Favors,NBA,26.54,,,,4.7100,3.8700,,
$150 NBA Daily 8/7,2020-08-07T10:39:00.630233,estk_ee6d6eebbcb927cad70447b8832098dc,evt_ee6d6eebbcb927ca,Rui Hachimura,NBA,25.79,,,,4.6200,3.7400,,
$150 NBA Daily 8/7,2020-08-07T10:39:00.630233,estk_ee6d6eebbcb927ca049fe8ca7bf97ec4,evt_ee6d6eebbcb927ca,Marcus Smart,NBA,25.89,,,,4.5500,3.7500,,
$150 NBA Daily 8/7,2020-08-07T10:39:00.630233,estk_ee6d6eebbcb927ca201a5680f9441b5c,evt_ee6d6eebbcb927ca,Daniel Theis,NBA,24.88,,,,4.3900,3.5800,,
$150 NBA Daily 8/7,2020-08-07T10:39:00.630233,estk_ee6d6eebbcb927cad846b1bc06a60007,evt_ee6d6eebbcb927ca,Marc Gasol,NBA,24.09,,,,4.1100,3.4500,,
$150 NBA Daily 8/7,2020-08-07T10:39:00.630233,estk_ee6d6eebbcb927cab3147c681557a264,evt_ee6d6eebbcb927ca,Josh Richardson,NBA,23.09,,,,4.0000,3.3400,,
$150 NBA Daily 8/7,2020-08-07T10:39:00.630233,estk_ee6d6eebbcb927ca58d79b9f2662f624,evt_ee6d6eebbcb927ca,Evan Fournier,NBA,22.97,,,,3.9000,3.3000,,
$150 NBA Daily 8/7,2020-08-07T10:39:00.630233,estk_ee6d6eebbcb927ca9f8e5b254a67e7a0,evt_ee6d6eebbcb927ca,Shabazz Napier,NBA,22.71,,,,3.9000,3.2500,,
$150 NBA Daily 8/7,2020-08-07T10:39:00.630233,estk_ee6d6eebbcb927ca663b3162753394ed,evt_ee6d6eebbcb927ca,Terrence Ross,NBA,21.69,,,,3.7400,3.1100,,
$150 NBA Daily 8/7,2020-08-07T10:39:00.630233,estk_ee6d6eebbcb927caacf9036f85b48468,evt_ee6d6eebbcb927ca,Ish Smith,NBA,21.98,,,,3.7000,3.1400,,
$150 NBA Daily 8/7,2020-08-07T10:39:00.630233,estk_ee6d6eebbcb927ca5cdd05960889fa04,evt_ee6d6eebbcb927ca,Serge Ibaka,NBA,21.67,,,,3.7000,3.1100,,
$150 NBA Daily 8/7,2020-08-07T10:39:00.630233,estk_ee6d6eebbcb927caa1e25447b314f889,evt_ee6d6eebbcb927ca,Shake Milton,NBA,20.67,,,,3.5200,2.9600,,
$150 NBA Daily 8/7,2020-08-07T10:39:00.630233,estk_ee6d6eebbcb927ca82db34a5ef5dff8e,evt_ee6d6eebbcb927ca,OG Anunoby,NBA,20.1,,,,3.4200,2.8800,,
$150 NBA Daily 8/7,2020-08-07T10:39:00.630233,estk_ee6d6eebbcb927ca3298b0c055fa35dd,evt_ee6d6eebbcb927ca,JJ Redick,NBA,19.98,,,,3.4100,2.8800,,
$150 NBA Daily 8/7,2020-08-07T10:39:00.630233,estk_ee6d6eebbcb927ca7d8f05cf2dd6dbea,evt_ee6d6eebbcb927ca,D.J. Augustin,NBA,19.57,,,,3.3400,2.8200,,
$150 NBA Daily 8/7,2020-08-07T10:39:00.630233,estk_ee6d6eebbcb927ca920bf5c1b3a99895,evt_ee6d6eebbcb927ca,Jerome Robinson,NBA,19.29,,,,3.2500,2.7900,,
$150 NBA Daily 8/7,2020-08-07T10:39:00.630233,estk_ee6d6eebbcb927ca156a3aaad17a2e07,evt_ee6d6eebbcb927ca,Isaac Bonga,NBA,19.08,,,,3.2500,2.7600,,
$150 NBA Daily 8/7,2020-08-07T10:39:00.630233,estk_ee6d6eebbcb927ca1b62dea0e6c0b803,evt_ee6d6eebbcb927ca,Nicolo Melli,NBA,17.8,,,,3.0700,2.6200,,
$150 NBA Daily 8/7,2020-08-07T10:39:00.630233,estk_ee6d6eebbcb927caf95aa87cc77383be,evt_ee6d6eebbcb927ca,Markelle Fultz,NBA,17.25,,,,2.9700,2.5400,,
$150 NBA Daily 8/7,2020-08-07T10:39:00.630233,estk_ee6d6eebbcb927ca6de03cb5c6424ccc,evt_ee6d6eebbcb927ca,Norman Powell,NBA,16.29,,,,2.8500,2.4400,,
$150 NBA Daily 8/7,2020-08-07T10:39:00.630233,estk_ee6d6eebbcb927ca89a4b98163393691,evt_ee6d6eebbcb927ca,Raul Neto,NBA,15.81,,,,2.7900,2.4000,,
$150 NBA Daily 8/7,2020-08-07T10:39:00.630233,estk_ee6d6eebbcb927ca01e420d6a93820ae,evt_ee6d6eebbcb927ca,Josh Hart,NBA,16.04,,,,2.7800,2.4000,,
$150 NBA Daily 8/7,2020-08-07T10:39:00.630233,estk_ee6d6eebbcb927ca2d6f8355da37442f,evt_ee6d6eebbcb927ca,Enes Kanter,NBA,15.28,,,,2.6800,2.3300,,
$150 NBA Daily 8/7,2020-08-07T10:39:00.630233,estk_ee6d6eebbcb927ca8b0372db86dba9af,evt_ee6d6eebbcb927ca,Furkan Korkmaz,NBA,14.71,,,,2.6200,2.2800,,
$150 NBA Daily 8/7,2020-08-07T10:39:00.630233,estk_ee6d6eebbcb927ca5684a141296027b3,evt_ee6d6eebbcb927ca,James Ennis,NBA,14.35,,,,2.5300,2.2600,,
$150 NBA Daily 8/7,2020-08-07T10:39:00.630233,estk_ee6d6eebbcb927ca0b618101d2ec3008,evt_ee6d6eebbcb927ca,Moritz Wagner,NBA,12.62,,,,2.3800,2.0900,,
$150 NBA Daily 8/7,2020-08-07T10:39:00.630233,estk_ee6d6eebbcb927ca92bc30f31e413420,evt_ee6d6eebbcb927ca,Matisse Thybulle,NBA,11.92,,,,2.3000,2.0200,,
$150 NBA Daily 8/7,2020-08-07T10:39:00.630233,estk_ee6d6eebbcb927cab5fd25e4dceadb5c,evt_ee6d6eebbcb927ca,Terence Davis,NBA,10.73,,,,2.1700,1.9200,,
$150 NBA Daily 8/7,2020-08-07T10:39:00.630233,estk_ee6d6eebbcb927ca55086ea38656fe99,evt_ee6d6eebbcb927ca,Aaron Gordon,NBA,0,,,,1.0000,2.3400,,
$150 NBA Daily 8/7,2020-08-07T10:39:00.630233,estk_ee6d6eebbcb927ca5a3d5db921064e90,evt_ee6d6eebbcb927ca,Michael Carter-Williams,NBA,0,,,,1.0000,1.0000,,
$150 NBA Daily 8/7,2020-08-07T15:49:11.956688,estk_ee6d6eebbcb927ca7a763361bd2f9a08,evt_ee6d6eebbcb927ca,Joel Embiid,NBA,46.09,,,,10.7400,8.7300,,
$150 NBA Daily 8/7,2020-08-07T15:49:11.956717,estk_ee6d6eebbcb927ca92a366f55dc75d93,evt_ee6d6eebbcb927ca,Jrue Holiday,NBA,38.96,,,,8.2200,6.6300,,
$150 NBA Daily 8/7,2020-08-07T15:49:11.956722,estk_ee6d6eebbcb927ca10eefe2828c2cb3c,evt_ee6d6eebbcb927ca,Thomas Bryant,NBA,38.11,,,,7.9400,6.4000,,
$150 NBA Daily 8/7,2020-08-07T15:49:11.956726,estk_ee6d6eebbcb927caf6c7d554d2fa9f75,evt_ee6d6eebbcb927ca,Nikola Vucevic,NBA,37.67,,,,7.7500,6.2800,,
$150 NBA Daily 8/7,2020-08-07T15:49:11.956730,estk_ee6d6eebbcb927cada4bddbbc347c31f,evt_ee6d6eebbcb927ca,Jayson Tatum,NBA,36.54,,,,7.4500,5.9800,,
$150 NBA Daily 8/7,2020-08-07T15:49:11.956734,estk_ee6d6eebbcb927cafcc6299cf30b55e3,evt_ee6d6eebbcb927ca,Ben Simmons,NBA,35.58,,,,7.1000,5.7800,,
$150 NBA Daily 8/7,2020-08-07T15:49:11.956738,estk_ee6d6eebbcb927ca7c131e7cfd4ca8ad,evt_ee6d6eebbcb927ca,Pascal Siakam,NBA,35.43,,,,7.0300,5.7900,,
$150 NBA Daily 8/7,2020-08-07T15:49:11.956741,estk_ee6d6eebbcb927ca50924ad9a2f1f059,evt_ee6d6eebbcb927ca,Brandon Ingram,NBA,33.96,,,,6.6000,5.4300,,
$150 NBA Daily 8/7,2020-08-07T15:49:11.956745,estk_ee6d6eebbcb927ca9f778e9b41f860a6,evt_ee6d6eebbcb927ca,Zion Williamson,NBA,33.85,,,,6.5700,5.3800,,
$150 NBA Daily 8/7,2020-08-07T15:49:11.956749,estk_ee6d6eebbcb927cacd439276c8d11f5d,evt_ee6d6eebbcb927ca,Fred VanVleet,NBA,32.43,,,,6.2000,5.0600,,
$150 NBA Daily 8/7,2020-08-07T15:49:11.956752,estk_ee6d6eebbcb927caf7c5bbc448149f99,evt_ee6d6eebbcb927ca,Gordon Hayward,NBA,31.38,,,,5.9100,4.8300,,
$150 NBA Daily 8/7,2020-08-07T15:49:11.956756,estk_ee6d6eebbcb927caa9edb859d18234d0,evt_ee6d6eebbcb927ca,Kemba Walker,NBA,30.97,,,,5.8100,4.7400,,
$150 NBA Daily 8/7,2020-08-07T15:49:11.956759,estk_ee6d6eebbcb927ca4b8c495d9fa8db90,evt_ee6d6eebbcb927ca,Jaylen Brown,NBA,30.74,,,,5.7500,4.7000,,
$150 NBA Daily 8/7,2020-08-07T15:49:11.956763,estk_ee6d6eebbcb927cacc28fb3568e3a1d6,evt_ee6d6eebbcb927ca,Kyle Lowry,NBA,30.33,,,,5.5900,4.6200,,
$150 NBA Daily 8/7,2020-08-07T15:49:11.956767,estk_ee6d6eebbcb927ca55ca3ac70f0e0b62,evt_ee6d6eebbcb927ca,Lonzo Ball,NBA,29.82,,,,5.5200,4.5100,,
$150 NBA Daily 8/7,2020-08-07T15:49:11.956770,estk_ee6d6eebbcb927ca77c3d3d4d8ad15c5,evt_ee6d6eebbcb927ca,Tobias Harris,NBA,29.74,,,,5.4000,4.4900,,
$150 NBA Daily 8/7,2020-08-07T15:49:11.956774,estk_ee6d6eebbcb927ca63a58b55849249a4,evt_ee6d6eebbcb927ca,Al Horford,NBA,29.03,,,,5.2400,4.3600,,
$150 NBA Daily 8/7,2020-08-07T15:49:11.956778,estk_ee6d6eebbcb927ca13a6a7603aa51437,evt_ee6d6eebbcb927ca,Troy Brown,NBA,27.03,,,,4.7900,4.0100,,
$150 NBA Daily 8/7,2020-08-07T15:49:11.956782,estk_ee6d6eebbcb927cab4cad04e823623ff,evt_ee6d6eebbcb927ca,Derrick Favors,NBA,26.54,,,,4.6600,3.8800,,
$150 NBA Daily 8/7,2020-08-07T15:49:11.956785,estk_ee6d6eebbcb927ca049fe8ca7bf97ec4,evt_ee6d6eebbcb927ca,Marcus Smart,NBA,25.89,,,,4.6100,3.7600,,
$150 NBA Daily 8/7,2020-08-07T15:49:11.956789,estk_ee6d6eebbcb927cad70447b8832098dc,evt_ee6d6eebbcb927ca,Rui Hachimura,NBA,25.79,,,,4.5500,3.7600,,
$150 NBA Daily 8/7,2020-08-07T15:49:11.956792,estk_ee6d6eebbcb927ca201a5680f9441b5c,evt_ee6d6eebbcb927ca,Daniel Theis,NBA,24.88,,,,4.3600,3.6200,,
$150 NBA Daily 8/7,2020-08-07T15:49:11.956796,estk_ee6d6eebbcb927cad846b1bc06a60007,evt_ee6d6eebbcb927ca,Marc Gasol,NBA,24.09,,,,4.1500,3.4800,,
$150 NBA Daily 8/7,2020-08-07T15:49:11.956799,estk_ee6d6eebbcb927ca9f8e5b254a67e7a0,evt_ee6d6eebbcb927ca,Shabazz Napier,NBA,22.71,,,,3.9700,3.2700,,
$150 NBA Daily 8/7,2020-08-07T15:49:11.956802,estk_ee6d6eebbcb927cab3147c681557a264,evt_ee6d6eebbcb927ca,Josh Richardson,NBA,23.09,,,,3.9300,3.3400,,
$150 NBA Daily 8/7,2020-08-07T15:49:11.956806,estk_ee6d6eebbcb927ca58d79b9f2662f624,evt_ee6d6eebbcb927ca,Evan Fournier,NBA,22.97,,,,3.9200,3.3200,,
$150 NBA Daily 8/7,2020-08-07T15:49:11.956809,estk_ee6d6eebbcb927caacf9036f85b48468,evt_ee6d6eebbcb927ca,Ish Smith,NBA,21.98,,,,3.7600,3.1600,,
$150 NBA Daily 8/7,2020-08-07T15:49:11.956813,estk_ee6d6eebbcb927ca5cdd05960889fa04,evt_ee6d6eebbcb927ca,Serge Ibaka,NBA,21.67,,,,3.6700,3.1100,,
$150 NBA Daily 8/7,2020-08-07T15:49:11.956816,estk_ee6d6eebbcb927ca663b3162753394ed,evt_ee6d6eebbcb927ca,Terrence Ross,NBA,21.69,,,,3.6600,3.1400,,
$150 NBA Daily 8/7,2020-08-07T15:49:11.956820,estk_ee6d6eebbcb927caa1e25447b314f889,evt_ee6d6eebbcb927ca,Shake Milton,NBA,20.67,,,,3.5100,2.9900,,
$150 NBA Daily 8/7,2020-08-07T15:49:11.956824,estk_ee6d6eebbcb927ca3298b0c055fa35dd,evt_ee6d6eebbcb927ca,JJ Redick,NBA,19.98,,,,3.4200,2.8800,,
$150 NBA Daily 8/7,2020-08-07T15:49:11.956827,estk_ee6d6eebbcb927ca82db34a5ef5dff8e,evt_ee6d6eebbcb927ca,OG Anunoby,NBA,20.1,,,,3.4000,2.9100,,
$150 NBA Daily 8/7,2020-08-07T15:49:11.956831,estk_ee6d6eebbcb927ca7d8f05cf2dd6dbea,evt_ee6d6eebbcb927ca,D.J. Augustin,NBA,19.57,,,,3.3000,2.8200,,
$150 NBA Daily 8/7,2020-08-07T15:49:11.956834,estk_ee6d6eebbcb927ca156a3aaad17a2e07,evt_ee6d6eebbcb927ca,Isaac Bonga,NBA,19.08,,,,3.2900,2.7900,,
$150 NBA Daily 8/7,2020-08-07T15:49:11.956838,estk_ee6d6eebbcb927ca920bf5c1b3a99895,evt_ee6d6eebbcb927ca,Jerome Robinson,NBA,19.29,,,,3.2800,2.8100,,
$150 NBA Daily 8/7,2020-08-07T15:49:11.956842,estk_ee6d6eebbcb927ca1b62dea0e6c0b803,evt_ee6d6eebbcb927ca,Nicolo Melli,NBA,17.8,,,,3.0200,2.6300,,
$150 NBA Daily 8/7,2020-08-07T15:49:11.956846,estk_ee6d6eebbcb927caf95aa87cc77383be,evt_ee6d6eebbcb927ca,Markelle Fultz,NBA,17.25,,,,2.9800,2.5400,,
$150 NBA Daily 8/7,2020-08-07T15:49:11.956849,estk_ee6d6eebbcb927ca6de03cb5c6424ccc,evt_ee6d6eebbcb927ca,Norman Powell,NBA,16.29,,,,2.8600,2.4600,,
$150 NBA Daily 8/7,2020-08-07T15:49:11.956856,estk_ee6d6eebbcb927ca01e420d6a93820ae,evt_ee6d6eebbcb927ca,Josh Hart,NBA,16.04,,,,2.8000,2.4100,,
$150 NBA Daily 8/7,2020-08-07T15:49:11.956860,estk_ee6d6eebbcb927ca89a4b98163393691,evt_ee6d6eebbcb927ca,Raul Neto,NBA,15.81,,,,2.7800,2.4100,,
$150 NBA Daily 8/7,2020-08-07T15:49:11.956863,estk_ee6d6eebbcb927ca2d6f8355da37442f,evt_ee6d6eebbcb927ca,Enes Kanter,NBA,15.28,,,,2.7000,2.3300,,
$150 NBA Daily 8/7,2020-08-07T15:49:11.956867,estk_ee6d6eebbcb927ca8b0372db86dba9af,evt_ee6d6eebbcb927ca,Furkan Korkmaz,NBA,14.71,,,,2.6200,2.2800,,
$150 NBA Daily 8/7,2020-08-07T15:49:11.956870,estk_ee6d6eebbcb927ca5684a141296027b3,evt_ee6d6eebbcb927ca,James Ennis,NBA,14.35,,,,2.5700,2.2600,,
$150 NBA Daily 8/7,2020-08-07T15:49:11.956873,estk_ee6d6eebbcb927ca0b618101d2ec3008,evt_ee6d6eebbcb927ca,Moritz Wagner,NBA,12.62,,,,2.3800,2.0900,,
$150 NBA Daily 8/7,2020-08-07T15:49:11.956876,estk_ee6d6eebbcb927ca92bc30f31e413420,evt_ee6d6eebbcb927ca,Matisse Thybulle,NBA,11.92,,,,2.3200,2.0200,,
$150 NBA Daily 8/7,2020-08-07T15:49:11.956880,estk_ee6d6eebbcb927cab5fd25e4dceadb5c,evt_ee6d6eebbcb927ca,Terence Davis,NBA,10.73,,,,2.1600,1.9400,,
$150 NBA Daily 8/7,2020-08-07T15:49:11.956883,estk_ee6d6eebbcb927ca55086ea38656fe99,evt_ee6d6eebbcb927ca,Aaron Gordon,NBA,0,,,,1.0000,2.3400,,
$150 NBA Daily 8/7,2020-08-07T15:49:11.956888,estk_ee6d6eebbcb927ca5a3d5db921064e90,evt_ee6d6eebbcb927ca,Michael Carter-Williams,NBA,0,,,,1.0000,1.0000,,
$150 NBA Daily 8/7,2020-08-07T20:59:07.869195,estk_ee6d6eebbcb927ca7a763361bd2f9a08,evt_ee6d6eebbcb927ca,Joel Embiid,NBA,46.09,46.09,0,0,13.8300,11.6700,15.6100,
$150 NBA Daily 8/7,2020-08-07T20:59:07.869224,estk_ee6d6eebbcb927ca10eefe2828c2cb3c,evt_ee6d6eebbcb927ca,Thomas Bryant,NBA,38.11,38.11,0,0,9.6000,8.3500,11.2900,
$150 NBA Daily 8/7,2020-08-07T20:59:07.869229,estk_ee6d6eebbcb927ca92a366f55dc75d93,evt_ee6d6eebbcb927ca,Jrue Holiday,NBA,37.81,37.81,0,0,9.5100,8.2900,11.2000,
$150 NBA Daily 8/7,2020-08-07T20:59:07.869234,estk_ee6d6eebbcb927caf6c7d554d2fa9f75,evt_ee6d6eebbcb927ca,Nikola Vucevic,NBA,37.67,37.67,0,0,9.3900,8.2100,11.0800,
$150 NBA Daily 8/7,2020-08-07T20:59:07.869239,estk_ee6d6eebbcb927ca50924ad9a2f1f059,evt_ee6d6eebbcb927ca,Brandon Ingram,NBA,36.08,36.08,0,0,8.5600,8.1300,10.2300,
$150 NBA Daily 8/7,2020-08-07T20:59:07.869243,estk_ee6d6eebbcb927ca7c131e7cfd4ca8ad,evt_ee6d6eebbcb927ca,Pascal Siakam,NBA,35.43,35.43,0,0,8.2700,7.8200,9.9400,
$150 NBA Daily 8/7,2020-08-07T20:59:07.869248,estk_ee6d6eebbcb927cada4bddbbc347c31f,evt_ee6d6eebbcb927ca,Jayson Tatum,NBA,33.5,33.5,0,0,7.4200,6.8100,9.0700,
$150 NBA Daily 8/7,2020-08-07T20:59:07.869252,estk_ee6d6eebbcb927cacd439276c8d11f5d,evt_ee6d6eebbcb927ca,Fred VanVleet,NBA,32.43,32.43,0,0,6.9800,6.6500,8.6200,
$150 NBA Daily 8/7,2020-08-07T20:59:07.869256,estk_ee6d6eebbcb927ca55ca3ac70f0e0b62,evt_ee6d6eebbcb927ca,Lonzo Ball,NBA,31.75,31.75,0,0,6.7500,6.4200,8.3900,
$150 NBA Daily 8/7,2020-08-07T20:59:07.869260,estk_ee6d6eebbcb927caf7c5bbc448149f99,evt_ee6d6eebbcb927ca,Gordon Hayward,NBA,31.38,31.38,0,0,6.5200,6.2800,8.1500,
$150 NBA Daily 8/7,2020-08-07T20:59:07.869265,estk_ee6d6eebbcb927ca4b8c495d9fa8db90,evt_ee6d6eebbcb927ca,Jaylen Brown,NBA,30.74,30.74,0,0,6.3200,6.0400,7.9500,
$150 NBA Daily 8/7,2020-08-07T20:59:07.869269,estk_ee6d6eebbcb927cacc28fb3568e3a1d6,evt_ee6d6eebbcb927ca,Kyle Lowry,NBA,30.33,30.33,0,0,6.2000,5.9100,7.8200,
$150 NBA Daily 8/7,2020-08-07T20:59:07.869272,estk_ee6d6eebbcb927caa9edb859d18234d0,evt_ee6d6eebbcb927ca,Kemba Walker,NBA,29.94,29.94,0,0,6.0000,5.7600,7.6200,
$150 NBA Daily 8/7,2020-08-07T20:59:07.869276,estk_ee6d6eebbcb927ca77c3d3d4d8ad15c5,evt_ee6d6eebbcb927ca,Tobias Harris,NBA,29.74,29.74,0,0,5.9100,5.6700,7.5300,
$150 NBA Daily 8/7,2020-08-07T20:59:07.869280,estk_ee6d6eebbcb927ca63a58b55849249a4,evt_ee6d6eebbcb927ca,Al Horford,NBA,29.03,29.03,0,0,5.6600,5.4700,7.2700,
$150 NBA Daily 8/7,2020-08-07T20:59:07.869284,estk_ee6d6eebbcb927cab4cad04e823623ff,evt_ee6d6eebbcb927ca,Derrick Favors,NBA,28.74,28.74,0,0,5.6000,5.3600,7.2100,
$150 NBA Daily 8/7,2020-08-07T20:59:07.869288,estk_ee6d6eebbcb927ca13a6a7603aa51437,evt_ee6d6eebbcb927ca,Troy Brown,NBA,27.03,27.03,0,0,5.0400,4.7700,6.6400,
$150 NBA Daily 8/7,2020-08-07T20:59:07.869292,estk_ee6d6eebbcb927ca049fe8ca7bf97ec4,evt_ee6d6eebbcb927ca,Marcus Smart,NBA,25.89,25.89,0,0,4.6500,4.4800,6.2400,
$150 NBA Daily 8/7,2020-08-07T20:59:07.869296,estk_ee6d6eebbcb927cad70447b8832098dc,evt_ee6d6eebbcb927ca,Rui Hachimura,NBA,25.79,25.79,0,0,4.5700,4.4200,6.1600,
$150 NBA Daily 8/7,2020-08-07T20:59:07.869300,estk_ee6d6eebbcb927ca201a5680f9441b5c,evt_ee6d6eebbcb927ca,Daniel Theis,NBA,24.88,24.88,0,0,4.3700,4.1700,5.9600,
$150 NBA Daily 8/7,2020-08-07T20:59:07.869303,estk_ee6d6eebbcb927cad846b1bc06a60007,evt_ee6d6eebbcb927ca,Marc Gasol,NBA,24.09,24.09,0,0,4.1500,3.9900,5.7300,
$150 NBA Daily 8/7,2020-08-07T20:59:07.869307,estk_ee6d6eebbcb927cab3147c681557a264,evt_ee6d6eebbcb927ca,Josh Richardson,NBA,23.09,23.09,0,0,3.8500,3.7700,5.4300,
$150 NBA Daily 8/7,2020-08-07T20:59:07.869311,estk_ee6d6eebbcb927ca58d79b9f2662f624,evt_ee6d6eebbcb927ca,Evan Fournier,NBA,22.97,22.97,0,0,3.7900,3.7600,5.3700,
$150 NBA Daily 8/7,2020-08-07T20:59:07.869315,estk_ee6d6eebbcb927ca9f8e5b254a67e7a0,evt_ee6d6eebbcb927ca,Shabazz Napier,NBA,22.71,22.71,0,0,3.7800,3.7000,5.3600,
$150 NBA Daily 8/7,2020-08-07T20:59:07.869319,estk_ee6d6eebbcb927ca3298b0c055fa35dd,evt_ee6d6eebbcb927ca,JJ Redick,NBA,22.37,22.37,0,0,3.6800,3.6600,5.2500,
$150 NBA Daily 8/7,2020-08-07T20:59:07.869323,estk_ee6d6eebbcb927caacf9036f85b48468,evt_ee6d6eebbcb927ca,Ish Smith,NBA,21.98,21.98,0,0,3.6100,3.5900,5.1800,
$150 NBA Daily 8/7,2020-08-07T20:59:07.869327,estk_ee6d6eebbcb927ca663b3162753394ed,evt_ee6d6eebbcb927ca,Terrence Ross,NBA,21.69,21.69,0,0,3.5500,3.5200,5.1200,
$150 NBA Daily 8/7,2020-08-07T20:59:07.869331,estk_ee6d6eebbcb927ca5cdd05960889fa04,evt_ee6d6eebbcb927ca,Serge Ibaka,NBA,21.67,21.67,0,0,3.5200,3.5100,5.0900,
$150 NBA Daily 8/7,2020-08-07T20:59:07.869334,estk_ee6d6eebbcb927ca1b62dea0e6c0b803,evt_ee6d6eebbcb927ca,Nicolo Melli,NBA,21.19,21.19,0,0,3.4300,3.4300,5.0000,
$150 NBA Daily 8/7,2020-08-07T20:59:07.869338,estk_ee6d6eebbcb927caa1e25447b314f889,evt_ee6d6eebbcb927ca,Shake Milton,NBA,20.67,20.67,0,0,3.3000,3.3400,4.8700,
$150 NBA Daily 8/7,2020-08-07T20:59:07.869342,estk_ee6d6eebbcb927ca82db34a5ef5dff8e,evt_ee6d6eebbcb927ca,OG Anunoby,NBA,20.1,20.1,0,0,3.1500,3.2600,4.7100,
$150 NBA Daily 8/7,2020-08-07T20:59:07.869346,estk_ee6d6eebbcb927ca7d8f05cf2dd6dbea,evt_ee6d6eebbcb927ca,D.J. Augustin,NBA,19.57,19.57,0,0,3.0500,3.1600,4.6100,
$150 NBA Daily 8/7,2020-08-07T20:59:07.869350,estk_ee6d6eebbcb927ca920bf5c1b3a99895,evt_ee6d6eebbcb927ca,Jerome Robinson,NBA,19.29,19.29,0,0,3.0000,3.1500,4.5600,
$150 NBA Daily 8/7,2020-08-07T20:59:07.869354,estk_ee6d6eebbcb927ca156a3aaad17a2e07,evt_ee6d6eebbcb927ca,Isaac Bonga,NBA,19.08,19.08,0,0,2.9200,3.1000,4.4800,
$150 NBA Daily 8/7,2020-08-07T20:59:07.869358,estk_ee6d6eebbcb927caf95aa87cc77383be,evt_ee6d6eebbcb927ca,Markelle Fultz,NBA,17.25,17.25,0,0,2.6600,2.8400,4.2100,
$150 NBA Daily 8/7,2020-08-07T20:59:07.869362,estk_ee6d6eebbcb927ca01e420d6a93820ae,evt_ee6d6eebbcb927ca,Josh Hart,NBA,17.43,17.43,0,0,2.6100,2.8500,4.1600,
$150 NBA Daily 8/7,2020-08-07T20:59:07.869367,estk_ee6d6eebbcb927ca6de03cb5c6424ccc,evt_ee6d6eebbcb927ca,Norman Powell,NBA,16.29,16.29,0,0,2.4100,2.6800,3.9600,
$150 NBA Daily 8/7,2020-08-07T20:59:07.869370,estk_ee6d6eebbcb927ca89a4b98163393691,evt_ee6d6eebbcb927ca,Raul Neto,NBA,15.81,15.81,0,0,2.3800,2.6200,3.9300,
$150 NBA Daily 8/7,2020-08-07T20:59:07.869374,estk_ee6d6eebbcb927ca2d6f8355da37442f,evt_ee6d6eebbcb927ca,Enes Kanter,NBA,15.28,15.28,0,0,2.2900,2.5600,3.8400,
$150 NBA Daily 8/7,2020-08-07T20:59:07.869378,estk_ee6d6eebbcb927ca8b0372db86dba9af,evt_ee6d6eebbcb927ca,Furkan Korkmaz,NBA,14.71,14.71,0,0,2.2000,2.4900,3.7400,
$150 NBA Daily 8/7,2020-08-07T20:59:07.869382,estk_ee6d6eebbcb927ca5684a141296027b3,evt_ee6d6eebbcb927ca,James Ennis,NBA,14.35,14.35,0,0,2.1500,2.4700,3.6900,
$150 NBA Daily 8/7,2020-08-07T20:59:07.869385,estk_ee6d6eebbcb927ca0b618101d2ec3008,evt_ee6d6eebbcb927ca,Moritz Wagner,NBA,12.62,12.62,0,0,1.9600,2.2700,3.5000,
$150 NBA Daily 8/7,2020-08-07T20:59:07.869389,estk_ee6d6eebbcb927ca92bc30f31e413420,evt_ee6d6eebbcb927ca,Matisse Thybulle,NBA,11.92,11.92,0,0,1.8800,2.2000,3.4200,
$150 NBA Daily 8/7,2020-08-07T20:59:07.869392,estk_ee6d6eebbcb927cab5fd25e4dceadb5c,evt_ee6d6eebbcb927ca,Terence Davis,NBA,10.73,10.73,0,0,1.7700,2.0800,3.3100,
$150 NBA Daily 8/7,2020-08-07T20:59:07.869396,estk_ee6d6eebbcb927ca55086ea38656fe99,evt_ee6d6eebbcb927ca,Aaron Gordon,NBA,0,0,0,0,1.0000,2.3400,2.5200,
$150 NBA Daily 8/7,2020-08-07T20:59:07.869399,estk_ee6d6eebbcb927cafcc6299cf30b55e3,evt_ee6d6eebbcb927ca,Ben Simmons,NBA,0,0,0,0,1.0000,7.3000,2.5200,
$150 NBA Daily 8/7,2020-08-07T20:59:07.869403,estk_ee6d6eebbcb927ca9f778e9b41f860a6,evt_ee6d6eebbcb927ca,Zion Williamson,NBA,0,0,0,0,1.0000,6.0400,2.5200,
$150 NBA Daily 8/7,2020-08-07T20:59:07.869408,estk_ee6d6eebbcb927ca5a3d5db921064e90,evt_ee6d6eebbcb927ca,Michael Carter-Williams,NBA,0,0,0,0,1.0000,1.0000,2.5200,
$150 NBA Daily 8/7,2020-08-07T22:41:51.419769,estk_ee6d6eebbcb927ca7a763361bd2f9a08,evt_ee6d6eebbcb927ca,Joel Embiid,NBA,46.09,45.63,0,0.01,13.9600,11.6700,15.9600,
$150 NBA Daily 8/7,2020-08-07T22:41:51.419808,estk_ee6d6eebbcb927caf6c7d554d2fa9f75,evt_ee6d6eebbcb927ca,Nikola Vucevic,NBA,37.67,36.79,-0.5,0.01,9.1100,8.2100,11.0800,
$150 NBA Daily 8/7,2020-08-07T22:41:51.419834,estk_ee6d6eebbcb927ca77c3d3d4d8ad15c5,evt_ee6d6eebbcb927ca,Tobias Harris,NBA,29.74,30.69,1.25,0.01,6.4000,5.6700,7.5300,
$150 NBA Daily 8/7,2020-08-07T22:41:51.419853,estk_ee6d6eebbcb927ca63a58b55849249a4,evt_ee6d6eebbcb927ca,Al Horford,NBA,29.03,28.74,0,0.01,5.5900,5.4700,7.2500,
$150 NBA Daily 8/7,2020-08-07T22:41:51.419874,estk_ee6d6eebbcb927cab3147c681557a264,evt_ee6d6eebbcb927ca,Josh Richardson,NBA,23.09,22.86,0,0.01,3.8000,3.7700,5.4300,
$150 NBA Daily 8/7,2020-08-07T22:41:51.419882,estk_ee6d6eebbcb927ca58d79b9f2662f624,evt_ee6d6eebbcb927ca,Evan Fournier,NBA,22.97,22.74,0,0.01,3.6900,3.7600,5.3700,
$150 NBA Daily 8/7,2020-08-07T22:41:51.419897,estk_ee6d6eebbcb927ca663b3162753394ed,evt_ee6d6eebbcb927ca,Terrence Ross,NBA,21.69,21.47,0,0.01,3.3900,3.5200,5.1200,
$150 NBA Daily 8/7,2020-08-07T22:41:51.419907,estk_ee6d6eebbcb927caa1e25447b314f889,evt_ee6d6eebbcb927ca,Shake Milton,NBA,20.67,19.96,-0.5,0.01,3.0500,3.3400,4.8700,
$150 NBA Daily 8/7,2020-08-07T22:41:51.419914,estk_ee6d6eebbcb927ca7d8f05cf2dd6dbea,evt_ee6d6eebbcb927ca,D.J. Augustin,NBA,19.57,19.37,0,0.01,2.9500,3.1600,4.6100,
$150 NBA Daily 8/7,2020-08-07T22:41:51.419925,estk_ee6d6eebbcb927caf95aa87cc77383be,evt_ee6d6eebbcb927ca,Markelle Fultz,NBA,17.25,17.08,0,0.01,2.4900,2.8400,4.2100,
$150 NBA Daily 8/7,2020-08-07T22:41:51.419932,estk_ee6d6eebbcb927ca89a4b98163393691,evt_ee6d6eebbcb927ca,Raul Neto,NBA,15.81,15.65,0,0.01,2.2900,2.6200,3.9300,
$150 NBA Daily 8/7,2020-08-07T22:41:51.419939,estk_ee6d6eebbcb927ca8b0372db86dba9af,evt_ee6d6eebbcb927ca,Furkan Korkmaz,NBA,14.71,14.56,0,0.01,2.1200,2.4900,3.7400,
$150 NBA Daily 8/7,2020-08-07T22:41:51.419943,estk_ee6d6eebbcb927ca5684a141296027b3,evt_ee6d6eebbcb927ca,James Ennis,NBA,14.35,14.21,0,0.01,2.0800,2.4700,3.6900,
$150 NBA Daily 8/7,2020-08-07T22:41:51.419950,estk_ee6d6eebbcb927ca92bc30f31e413420,evt_ee6d6eebbcb927ca,Matisse Thybulle,NBA,11.92,11.8,0,0.01,1.7900,2.2000,3.4100,
$150 NBA Daily 8/7,2020-08-07T22:41:51.419957,estk_ee6d6eebbcb927ca55086ea38656fe99,evt_ee6d6eebbcb927ca,Aaron Gordon,NBA,0,0,0,0.01,1.0000,2.3400,2.5200,
$150 NBA Daily 8/7,2020-08-07T22:41:51.419961,estk_ee6d6eebbcb927cafcc6299cf30b55e3,evt_ee6d6eebbcb927ca,Ben Simmons,NBA,0,0,0,0.01,1.0000,7.3000,2.5200,
$150 NBA Daily 8/7,2020-08-07T22:41:51.419968,estk_ee6d6eebbcb927ca5a3d5db921064e90,evt_ee6d6eebbcb927ca,Michael Carter-Williams,NBA,0,0,0,0.01,1.0000,1.0000,2.5200,
$150 NBA Daily 8/7,2020-08-07T22:42:52.206917,estk_ee6d6eebbcb927ca7a763361bd2f9a08,evt_ee6d6eebbcb927ca,Joel Embiid,NBA,46.09,44.67,-0.5,0.02,13.5300,11.6700,15.9600,1.3700
$150 NBA Daily 8/7,2020-08-07T22:42:52.206961,estk_ee6d6eebbcb927caf6c7d554d2fa9f75,evt_ee6d6eebbcb927ca,Nikola Vucevic,NBA,37.67,36.42,-0.5,0.02,8.9300,8.2100,11.0800,7.2500
$150 NBA Daily 8/7,2020-08-07T22:42:52.206998,estk_ee6d6eebbcb927ca77c3d3d4d8ad15c5,evt_ee6d6eebbcb927ca,Tobias Harris,NBA,29.74,29.9,0.75,0.02,6.0100,5.6700,7.5300,4.3900
$150 NBA Daily 8/7,2020-08-07T22:42:52.207006,estk_ee6d6eebbcb927ca63a58b55849249a4,evt_ee6d6eebbcb927ca,Al Horford,NBA,29.03,27.95,-0.5,0.02,5.3900,5.4700,7.2500,
$150 NBA Daily 8/7,2020-08-07T22:42:52.207031,estk_ee6d6eebbcb927cab3147c681557a264,evt_ee6d6eebbcb927ca,Josh Richardson,NBA,23.09,22.63,0,0.02,3.7200,5.4300,5.4300,2.1500
$150 NBA Daily 8/7,2020-08-07T22:42:52.207035,estk_ee6d6eebbcb927ca58d79b9f2662f624,evt_ee6d6eebbcb927ca,Evan Fournier,NBA,22.97,22.51,0,0.02,3.6900,3.7600,5.3700,1.7800
$150 NBA Daily 8/7,2020-08-07T22:42:52.207054,estk_ee6d6eebbcb927ca663b3162753394ed,evt_ee6d6eebbcb927ca,Terrence Ross,NBA,21.69,21.26,0,0.02,3.3500,3.5200,5.1200,
$150 NBA Daily 8/7,2020-08-07T22:42:52.207058,estk_ee6d6eebbcb927caa1e25447b314f889,evt_ee6d6eebbcb927ca,Shake Milton,NBA,20.67,21.01,0.75,0.02,3.2800,3.3400,4.8700,1.7100
$150 NBA Daily 8/7,2020-08-07T22:42:52.207061,estk_ee6d6eebbcb927ca7d8f05cf2dd6dbea,evt_ee6d6eebbcb927ca,D.J. Augustin,NBA,19.57,20.43,1.25,0.02,3.1600,4.6100,4.6100,4.4900
$150 NBA Daily 8/7,2020-08-07T22:42:52.207080,estk_ee6d6eebbcb927caf95aa87cc77383be,evt_ee6d6eebbcb927ca,Markelle Fultz,NBA,17.25,16.91,0,0.02,2.4900,2.8400,4.2100,
$150 NBA Daily 8/7,2020-08-07T22:42:52.207092,estk_ee6d6eebbcb927ca89a4b98163393691,evt_ee6d6eebbcb927ca,Raul Neto,NBA,15.81,15.49,0,0.02,2.2300,2.6200,3.9300,
$150 NBA Daily 8/7,2020-08-07T22:42:52.207096,estk_ee6d6eebbcb927ca8b0372db86dba9af,evt_ee6d6eebbcb927ca,Furkan Korkmaz,NBA,14.71,14.42,0,0.02,2.0800,2.4900,3.7400,2.0000
$150 NBA Daily 8/7,2020-08-07T22:42:52.207100,estk_ee6d6eebbcb927ca5684a141296027b3,evt_ee6d6eebbcb927ca,James Ennis,NBA,14.35,14.06,0,0.02,2.0600,2.4700,3.6900,
$150 NBA Daily 8/7,2020-08-07T22:42:52.207107,estk_ee6d6eebbcb927ca92bc30f31e413420,evt_ee6d6eebbcb927ca,Matisse Thybulle,NBA,11.92,11.68,0,0.02,1.7500,2.2000,3.4100,
$150 NBA Daily 8/7,2020-08-07T22:42:52.207114,estk_ee6d6eebbcb927ca55086ea38656fe99,evt_ee6d6eebbcb927ca,Aaron Gordon,NBA,0,0,0,0.02,1.0000,2.3400,2.5200,
$150 NBA Daily 8/7,2020-08-07T22:42:52.207119,estk_ee6d6eebbcb927cafcc6299cf30b55e3,evt_ee6d6eebbcb927ca,Ben Simmons,NBA,0,0,0,0.02,1.0000,2.5200,2.5200,2.1200
$150 NBA Daily 8/7,2020-08-07T22:42:52.207126,estk_ee6d6eebbcb927ca5a3d5db921064e90,evt_ee6d6eebbcb927ca,Michael Carter-Williams,NBA,0,0,0,0.02,1.0000,1.0000,2.5200,
$150 NBA Daily 8/7,2020-08-07T22:43:53.179384,estk_ee6d6eebbcb927ca7a763361bd2f9a08,evt_ee6d6eebbcb927ca,Joel Embiid,NBA,46.09,44.21,-0.5,0.03,13.2500,11.6700,15.0200,11.7600
$150 NBA Daily 8/7,2020-08-07T22:43:53.179421,estk_ee6d6eebbcb927caf6c7d554d2fa9f75,evt_ee6d6eebbcb927ca,Nikola Vucevic,NBA,37.67,37.29,0.75,0.03,9.4100,8.2100,11.0800,7.7200
$150 NBA Daily 8/7,2020-08-07T22:43:53.179455,estk_ee6d6eebbcb927ca77c3d3d4d8ad15c5,evt_ee6d6eebbcb927ca,Tobias Harris,NBA,29.74,30.35,1.5,0.03,6.2300,5.6700,7.5300,4.6100
$150 NBA Daily 8/7,2020-08-07T22:43:53.179466,estk_ee6d6eebbcb927ca63a58b55849249a4,evt_ee6d6eebbcb927ca,Al Horford,NBA,29.03,28.41,0.25,0.03,5.4900,5.4700,7.2500,3.8800
$150 NBA Daily 8/7,2020-08-07T22:43:53.179495,estk_ee6d6eebbcb927cab3147c681557a264,evt_ee6d6eebbcb927ca,Josh Richardson,NBA,23.09,22.4,0,0.03,3.6300,5.4300,5.2000,2.1500
$150 NBA Daily 8/7,2020-08-07T22:43:53.179502,estk_ee6d6eebbcb927ca58d79b9f2662f624,evt_ee6d6eebbcb927ca,Evan Fournier,NBA,22.97,22.28,0,0.03,3.5300,5.3700,5.1000,2.1200
$150 NBA Daily 8/7,2020-08-07T22:43:53.179514,estk_ee6d6eebbcb927ca663b3162753394ed,evt_ee6d6eebbcb927ca,Terrence Ross,NBA,21.69,21.04,0,0.03,3.2800,3.5200,5.1200,1.7800
$150 NBA Daily 8/7,2020-08-07T22:43:53.179518,estk_ee6d6eebbcb927caa1e25447b314f889,evt_ee6d6eebbcb927ca,Shake Milton,NBA,20.67,20.8,0.75,0.03,3.2200,3.3400,4.8700,1.7100
$150 NBA Daily 8/7,2020-08-07T22:43:53.179525,estk_ee6d6eebbcb927ca7d8f05cf2dd6dbea,evt_ee6d6eebbcb927ca,D.J. Augustin,NBA,19.57,20.23,1.25,0.03,3.0900,4.6100,4.6100,1.6000
$150 NBA Daily 8/7,2020-08-07T22:43:53.179540,estk_ee6d6eebbcb927caf95aa87cc77383be,evt_ee6d6eebbcb927ca,Markelle Fultz,NBA,17.25,16.73,0,0.03,2.4300,2.8400,4.2100,
$150 NBA Daily 8/7,2020-08-07T22:43:53.179551,estk_ee6d6eebbcb927ca89a4b98163393691,evt_ee6d6eebbcb927ca,Raul Neto,NBA,15.81,15.34,0,0.03,2.2300,2.6200,3.9300,
$150 NBA Daily 8/7,2020-08-07T22:43:53.179554,estk_ee6d6eebbcb927ca5684a141296027b3,evt_ee6d6eebbcb927ca,James Ennis,NBA,14.35,14.17,0.25,0.03,2.0600,2.4700,3.6900,
$150 NBA Daily 8/7,2020-08-07T22:43:53.179558,estk_ee6d6eebbcb927ca8b0372db86dba9af,evt_ee6d6eebbcb927ca,Furkan Korkmaz,NBA,14.71,14.27,0,0.03,2.0500,2.4900,3.7400,
$150 NBA Daily 8/7,2020-08-07T22:43:53.179565,estk_ee6d6eebbcb927ca92bc30f31e413420,evt_ee6d6eebbcb927ca,Matisse Thybulle,NBA,11.92,11.56,0,0.03,1.7400,3.4100,3.4100,
$150 NBA Daily 8/7,2020-08-07T22:43:53.179573,estk_ee6d6eebbcb927ca55086ea38656fe99,evt_ee6d6eebbcb927ca,Aaron Gordon,NBA,0,0,0,0.03,1.0000,2.3400,2.5200,
$150 NBA Daily 8/7,2020-08-07T22:43:53.179577,estk_ee6d6eebbcb927cafcc6299cf30b55e3,evt_ee6d6eebbcb927ca,Ben Simmons,NBA,0,0,0,0.03,1.0000,2.5200,2.5200,2.0000
$150 NBA Daily 8/7,2020-08-07T22:43:53.179584,estk_ee6d6eebbcb927ca5a3d5db921064e90,evt_ee6d6eebbcb927ca,Michael Carter-Williams,NBA,0,0,0,0.03,1.0000,2.5200,2.5200,
$150 NBA Daily 8/7,2020-08-07T22:44:53.999301,estk_ee6d6eebbcb927ca7a763361bd2f9a08,evt_ee6d6eebbcb927ca,Joel Embiid,NBA,46.09,43.57,0.25,0.06,12.9600,11.6700,14.7200,11.7600
$150 NBA Daily 8/7,2020-08-07T22:44:53.999336,estk_ee6d6eebbcb927caf6c7d554d2fa9f75,evt_ee6d6eebbcb927ca,Nikola Vucevic,NBA,37.67,38.16,2.75,0.06,9.8400,8.2100,11.0800,8.1400
$150 NBA Daily 8/7,2020-08-07T22:44:53.999380,estk_ee6d6eebbcb927ca77c3d3d4d8ad15c5,evt_ee6d6eebbcb927ca,Tobias Harris,NBA,29.74,29.46,1.5,0.06,5.9100,5.6700,7.5300,4.6100
$150 NBA Daily 8/7,2020-08-07T22:44:53.999388,estk_ee6d6eebbcb927ca63a58b55849249a4,evt_ee6d6eebbcb927ca,Al Horford,NBA,29.03,27.54,0.25,0.06,5.0900,5.4700,7.2700,3.8800
$150 NBA Daily 8/7,2020-08-07T22:44:53.999407,estk_ee6d6eebbcb927cab3147c681557a264,evt_ee6d6eebbcb927ca,Josh Richardson,NBA,23.09,25.2,3.5,0.06,4.3300,5.4300,5.2000,2.7400
$150 NBA Daily 8/7,2020-08-07T22:44:53.999411,estk_ee6d6eebbcb927ca58d79b9f2662f624,evt_ee6d6eebbcb927ca,Evan Fournier,NBA,22.97,24.59,3,0.06,4.1700,5.3700,5.3700,2.5900
$150 NBA Daily 8/7,2020-08-07T22:44:53.999437,estk_ee6d6eebbcb927caa1e25447b314f889,evt_ee6d6eebbcb927ca,Shake Milton,NBA,20.67,21.68,2.25,0.06,3.3600,3.3400,4.8700,1.7900
$150 NBA Daily 8/7,2020-08-07T22:44:53.999444,estk_ee6d6eebbcb927ca663b3162753394ed,evt_ee6d6eebbcb927ca,Terrence Ross,NBA,21.69,20.39,0,0.06,3.0900,3.5200,5.1200,1.7800
$150 NBA Daily 8/7,2020-08-07T22:44:53.999455,estk_ee6d6eebbcb927ca7d8f05cf2dd6dbea,evt_ee6d6eebbcb927ca,D.J. Augustin,NBA,19.57,19.65,1.25,0.06,2.9100,4.6100,4.6100,1.6000
$150 NBA Daily 8/7,2020-08-07T22:44:53.999466,estk_ee6d6eebbcb927caf95aa87cc77383be,evt_ee6d6eebbcb927ca,Markelle Fultz,NBA,17.25,16.21,0,0.06,2.3000,2.8400,4.2100,
$150 NBA Daily 8/7,2020-08-07T22:44:53.999473,estk_ee6d6eebbcb927ca89a4b98163393691,evt_ee6d6eebbcb927ca,Raul Neto,NBA,15.81,14.86,0,0.06,2.1000,2.6200,3.9300,
$150 NBA Daily 8/7,2020-08-07T22:44:53.999477,estk_ee6d6eebbcb927ca8b0372db86dba9af,evt_ee6d6eebbcb927ca,Furkan Korkmaz,NBA,14.71,13.83,0,0.06,1.9500,2.4900,3.7400,
$150 NBA Daily 8/7,2020-08-07T22:44:53.999480,estk_ee6d6eebbcb927ca5684a141296027b3,evt_ee6d6eebbcb927ca,James Ennis,NBA,14.35,13.74,0.25,0.06,1.9400,2.4700,3.6900,
$150 NBA Daily 8/7,2020-08-07T22:44:53.999496,estk_ee6d6eebbcb927ca92bc30f31e413420,evt_ee6d6eebbcb927ca,Matisse Thybulle,NBA,11.92,11.2,0,0.06,1.6800,3.4100,3.2700,
$150 NBA Daily 8/7,2020-08-07T22:44:53.999499,estk_ee6d6eebbcb927ca55086ea38656fe99,evt_ee6d6eebbcb927ca,Aaron Gordon,NBA,0,0,0,0.06,1.0000,2.3400,2.5200,
$150 NBA Daily 8/7,2020-08-07T22:44:53.999503,estk_ee6d6eebbcb927cafcc6299cf30b55e3,evt_ee6d6eebbcb927ca,Ben Simmons,NBA,0,0,0,0.06,1.0000,2.5200,2.5200,
$150 NBA Daily 8/7,2020-08-07T22:44:53.999511,estk_ee6d6eebbcb927ca5a3d5db921064e90,evt_ee6d6eebbcb927ca,Michael Carter-Williams,NBA,0,0,0,0.06,1.0000,2.5200,2.5200,
$150 NBA Daily 8/7,2020-08-07T22:46:55.397982,estk_ee6d6eebbcb927ca7a763361bd2f9a08,evt_ee6d6eebbcb927ca,Joel Embiid,NBA,46.09,45.11,2.25,0.07,12.9600,11.6700,14.7200,11.7600
$150 NBA Daily 8/7,2020-08-07T22:46:55.398016,estk_ee6d6eebbcb927caf6c7d554d2fa9f75,evt_ee6d6eebbcb927ca,Nikola Vucevic,NBA,37.67,37.78,2.75,0.07,9.8400,8.2100,11.0800,8.1400
$150 NBA Daily 8/7,2020-08-07T22:46:55.398057,estk_ee6d6eebbcb927ca77c3d3d4d8ad15c5,evt_ee6d6eebbcb927ca,Tobias Harris,NBA,29.74,32.41,4.75,0.07,5.9100,5.6700,7.5300,4.6100
$150 NBA Daily 8/7,2020-08-07T22:46:55.398064,estk_ee6d6eebbcb927ca63a58b55849249a4,evt_ee6d6eebbcb927ca,Al Horford,NBA,29.03,27.25,0.25,0.07,5.0900,5.4700,6.6900,3.8800
$150 NBA Daily 8/7,2020-08-07T22:46:55.398082,estk_ee6d6eebbcb927cab3147c681557a264,evt_ee6d6eebbcb927ca,Josh Richardson,NBA,23.09,24.97,3.5,0.07,4.3300,5.4300,5.4300,2.7400
$150 NBA Daily 8/7,2020-08-07T22:46:55.398086,estk_ee6d6eebbcb927ca58d79b9f2662f624,evt_ee6d6eebbcb927ca,Evan Fournier,NBA,22.97,25.36,4,0.07,4.1700,5.3700,5.3700,2.5900
$150 NBA Daily 8/7,2020-08-07T22:46:55.398112,estk_ee6d6eebbcb927caa1e25447b314f889,evt_ee6d6eebbcb927ca,Shake Milton,NBA,20.67,22.47,3.25,0.07,3.3600,3.3400,4.8700,1.7900
$150 NBA Daily 8/7,2020-08-07T22:46:55.398119,estk_ee6d6eebbcb927ca663b3162753394ed,evt_ee6d6eebbcb927ca,Terrence Ross,NBA,21.69,20.17,0,0.07,3.0900,3.5200,5.1200,1.7800
$150 NBA Daily 8/7,2020-08-07T22:46:55.398130,estk_ee6d6eebbcb927ca7d8f05cf2dd6dbea,evt_ee6d6eebbcb927ca,D.J. Augustin,NBA,19.57,19.45,1.25,0.07,2.9100,4.6100,4.6100,1.6000
$150 NBA Daily 8/7,2020-08-07T22:46:55.398140,estk_ee6d6eebbcb927caf95aa87cc77383be,evt_ee6d6eebbcb927ca,Markelle Fultz,NBA,17.25,16.04,0,0.07,2.3000,2.8400,4.2100,
$150 NBA Daily 8/7,2020-08-07T22:46:55.398147,estk_ee6d6eebbcb927ca89a4b98163393691,evt_ee6d6eebbcb927ca,Raul Neto,NBA,15.81,14.7,0,0.07,2.1000,2.6200,3.9300,
$150 NBA Daily 8/7,2020-08-07T22:46:55.398151,estk_ee6d6eebbcb927ca8b0372db86dba9af,evt_ee6d6eebbcb927ca,Furkan Korkmaz,NBA,14.71,13.68,0,0.07,1.9500,2.4900,3.7400,
$150 NBA Daily 8/7,2020-08-07T22:46:55.398155,estk_ee6d6eebbcb927ca5684a141296027b3,evt_ee6d6eebbcb927ca,James Ennis,NBA,14.35,13.6,0.25,0.07,1.9400,2.4700,3.6900,
$150 NBA Daily 8/7,2020-08-07T22:46:55.398166,estk_ee6d6eebbcb927ca92bc30f31e413420,evt_ee6d6eebbcb927ca,Matisse Thybulle,NBA,11.92,11.09,0,0.07,1.6800,3.4100,3.2700,
$150 NBA Daily 8/7,2020-08-07T22:46:55.398169,estk_ee6d6eebbcb927ca55086ea38656fe99,evt_ee6d6eebbcb927ca,Aaron Gordon,NBA,0,0,0,0.07,1.0000,2.3400,2.5200,
$150 NBA Daily 8/7,2020-08-07T22:46:55.398173,estk_ee6d6eebbcb927cafcc6299cf30b55e3,evt_ee6d6eebbcb927ca,Ben Simmons,NBA,0,0,0,0.07,1.0000,2.5200,2.5200,
$150 NBA Daily 8/7,2020-08-07T22:46:55.398181,estk_ee6d6eebbcb927ca5a3d5db921064e90,evt_ee6d6eebbcb927ca,Michael Carter-Williams,NBA,0,0,0,0.07,1.0000,2.5200,2.5200,
$150 NBA Daily 8/7,2020-08-07T22:48:57.747403,estk_ee6d6eebbcb927ca7a763361bd2f9a08,evt_ee6d6eebbcb927ca,Joel Embiid,NBA,46.09,44.98,3.5,0.1,13.5400,11.6700,14.7200,11.9100
$150 NBA Daily 8/7,2020-08-07T22:48:57.747431,estk_ee6d6eebbcb927caf6c7d554d2fa9f75,evt_ee6d6eebbcb927ca,Nikola Vucevic,NBA,37.67,39.9,6,0.1,10.5900,8.2100,11.0800,8.1400
$150 NBA Daily 8/7,2020-08-07T22:48:57.747463,estk_ee6d6eebbcb927ca77c3d3d4d8ad15c5,evt_ee6d6eebbcb927ca,Tobias Harris,NBA,29.74,32.27,5.5,0.1,6.7700,5.6700,8.4100,5.3700
$150 NBA Daily 8/7,2020-08-07T22:48:57.747474,estk_ee6d6eebbcb927ca63a58b55849249a4,evt_ee6d6eebbcb927ca,Al Horford,NBA,29.03,31.63,5.5,0.1,6.5700,5.4700,6.6900,3.8800
$150 NBA Daily 8/7,2020-08-07T22:48:57.747503,estk_ee6d6eebbcb927ca58d79b9f2662f624,evt_ee6d6eebbcb927ca,Evan Fournier,NBA,22.97,26.17,5.5,0.1,4.4700,5.3700,5.7500,2.7200
$150 NBA Daily 8/7,2020-08-07T22:48:57.747514,estk_ee6d6eebbcb927cab3147c681557a264,evt_ee6d6eebbcb927ca,Josh Richardson,NBA,23.09,23.78,3,0.1,3.7600,5.4300,5.4300,2.7400
$150 NBA Daily 8/7,2020-08-07T22:48:57.747522,estk_ee6d6eebbcb927caa1e25447b314f889,evt_ee6d6eebbcb927ca,Shake Milton,NBA,20.67,23.35,4.75,0.1,3.6400,3.3400,4.8700,1.9400
$150 NBA Daily 8/7,2020-08-07T22:48:57.747551,estk_ee6d6eebbcb927ca7d8f05cf2dd6dbea,evt_ee6d6eebbcb927ca,D.J. Augustin,NBA,19.57,19.86,2.25,0.1,2.8100,4.6100,4.6100,1.6000
$150 NBA Daily 8/7,2020-08-07T22:48:57.747555,estk_ee6d6eebbcb927ca663b3162753394ed,evt_ee6d6eebbcb927ca,Terrence Ross,NBA,21.69,19.52,0,0.1,2.7900,3.5200,4.3500,1.7800
$150 NBA Daily 8/7,2020-08-07T22:48:57.747569,estk_ee6d6eebbcb927caf95aa87cc77383be,evt_ee6d6eebbcb927ca,Markelle Fultz,NBA,17.25,15.53,0,0.1,2.0900,2.8400,4.2100,
$150 NBA Daily 8/7,2020-08-07T22:48:57.747573,estk_ee6d6eebbcb927ca89a4b98163393691,evt_ee6d6eebbcb927ca,Raul Neto,NBA,15.81,14.23,0,0.1,1.9200,2.6200,3.9300,
$150 NBA Daily 8/7,2020-08-07T22:48:57.747580,estk_ee6d6eebbcb927ca8b0372db86dba9af,evt_ee6d6eebbcb927ca,Furkan Korkmaz,NBA,14.71,13.24,0,0.1,1.8100,2.4900,3.7400,
$150 NBA Daily 8/7,2020-08-07T22:48:57.747584,estk_ee6d6eebbcb927ca5684a141296027b3,evt_ee6d6eebbcb927ca,James Ennis,NBA,14.35,13.16,0.25,0.1,1.8100,2.4700,3.6900,
$150 NBA Daily 8/7,2020-08-07T22:48:57.747591,estk_ee6d6eebbcb927ca92bc30f31e413420,evt_ee6d6eebbcb927ca,Matisse Thybulle,NBA,11.92,10.73,0,0.1,1.5700,3.4100,3.2700,
$150 NBA Daily 8/7,2020-08-07T22:48:57.747594,estk_ee6d6eebbcb927ca55086ea38656fe99,evt_ee6d6eebbcb927ca,Aaron Gordon,NBA,0,0,0,0.1,1.0000,2.3400,2.5200,
$150 NBA Daily 8/7,2020-08-07T22:48:57.747598,estk_ee6d6eebbcb927cafcc6299cf30b55e3,evt_ee6d6eebbcb927ca,Ben Simmons,NBA,0,0,0,0.1,1.0000,2.5200,2.5200,
$150 NBA Daily 8/7,2020-08-07T22:48:57.747606,estk_ee6d6eebbcb927ca5a3d5db921064e90,evt_ee6d6eebbcb927ca,Michael Carter-Williams,NBA,0,0,0,0.1,1.0000,2.5200,2.5200,
$150 NBA Daily 8/7,2020-08-07T22:50:59.740708,estk_ee6d6eebbcb927ca7a763361bd2f9a08,evt_ee6d6eebbcb927ca,Joel Embiid,NBA,46.09,44.52,3.5,0.11,13.5800,11.6700,14.7200,11.9100
$150 NBA Daily 8/7,2020-08-07T22:50:59.740739,estk_ee6d6eebbcb927caf6c7d554d2fa9f75,evt_ee6d6eebbcb927ca,Nikola Vucevic,NBA,37.67,39.53,6,0.11,10.5200,8.2100,12.2300,8.8800
$150 NBA Daily 8/7,2020-08-07T22:50:59.740767,estk_ee6d6eebbcb927ca77c3d3d4d8ad15c5,evt_ee6d6eebbcb927ca,Tobias Harris,NBA,29.74,31.97,5.5,0.11,6.8300,5.6700,8.4100,5.3700
$150 NBA Daily 8/7,2020-08-07T22:50:59.740779,estk_ee6d6eebbcb927ca63a58b55849249a4,evt_ee6d6eebbcb927ca,Al Horford,NBA,29.03,33.34,7.5,0.11,6.4800,5.4700,8.1100,4.9400
$150 NBA Daily 8/7,2020-08-07T22:50:59.740807,estk_ee6d6eebbcb927ca58d79b9f2662f624,evt_ee6d6eebbcb927ca,Evan Fournier,NBA,22.97,25.94,5.5,0.11,4.4400,5.3700,5.7500,2.8800
$150 NBA Daily 8/7,2020-08-07T22:50:59.740819,estk_ee6d6eebbcb927cab3147c681557a264,evt_ee6d6eebbcb927ca,Josh Richardson,NBA,23.09,25.05,4.5,0.11,3.7900,5.4300,5.3700,2.7400
$150 NBA Daily 8/7,2020-08-07T22:50:59.740826,estk_ee6d6eebbcb927caa1e25447b314f889,evt_ee6d6eebbcb927ca,Shake Milton,NBA,20.67,23.15,4.75,0.11,3.6400,3.3400,4.8700,2.0700
$150 NBA Daily 8/7,2020-08-07T22:50:59.740854,estk_ee6d6eebbcb927ca7d8f05cf2dd6dbea,evt_ee6d6eebbcb927ca,D.J. Augustin,NBA,19.57,19.67,2.25,0.11,2.8300,4.6100,4.6100,1.6000
$150 NBA Daily 8/7,2020-08-07T22:50:59.740858,estk_ee6d6eebbcb927ca663b3162753394ed,evt_ee6d6eebbcb927ca,Terrence Ross,NBA,21.69,19.3,0,0.11,2.7400,3.5200,4.2900,1.7800
$150 NBA Daily 8/7,2020-08-07T22:50:59.740872,estk_ee6d6eebbcb927caf95aa87cc77383be,evt_ee6d6eebbcb927ca,Markelle Fultz,NBA,17.25,15.35,0,0.11,2.0700,2.8400,3.6100,
$150 NBA Daily 8/7,2020-08-07T22:50:59.740875,estk_ee6d6eebbcb927ca89a4b98163393691,evt_ee6d6eebbcb927ca,Raul Neto,NBA,15.81,14.07,0,0.11,1.9500,2.6200,3.9300,
$150 NBA Daily 8/7,2020-08-07T22:50:59.740886,estk_ee6d6eebbcb927ca5684a141296027b3,evt_ee6d6eebbcb927ca,James Ennis,NBA,14.35,13.02,0.25,0.11,1.8100,2.4700,3.6900,
$150 NBA Daily 8/7,2020-08-07T22:50:59.740889,estk_ee6d6eebbcb927ca8b0372db86dba9af,evt_ee6d6eebbcb927ca,Furkan Korkmaz,NBA,14.71,13.09,0,0.11,1.8000,2.4900,3.7400,
$150 NBA Daily 8/7,2020-08-07T22:50:59.740897,estk_ee6d6eebbcb927ca92bc30f31e413420,evt_ee6d6eebbcb927ca,Matisse Thybulle,NBA,11.92,10.61,0,0.11,1.5800,3.4100,3.2700,
$150 NBA Daily 8/7,2020-08-07T22:50:59.740901,estk_ee6d6eebbcb927ca55086ea38656fe99,evt_ee6d6eebbcb927ca,Aaron Gordon,NBA,0,0,0,0.11,1.0000,2.3400,2.5200,
$150 NBA Daily 8/7,2020-08-07T22:50:59.740905,estk_ee6d6eebbcb927cafcc6299cf30b55e3,evt_ee6d6eebbcb927ca,Ben Simmons,NBA,0,0,0,0.11,1.0000,2.5200,2.5200,
$150 NBA Daily 8/7,2020-08-07T22:50:59.740912,estk_ee6d6eebbcb927ca5a3d5db921064e90,evt_ee6d6eebbcb927ca,Michael Carter-Williams,NBA,0,0,0,0.11,1.0000,2.5200,2.5200,
$150 NBA Daily 8/7,2020-08-07T22:56:33.503330,estk_ee6d6eebbcb927ca7a763361bd2f9a08,evt_ee6d6eebbcb927ca,Joel Embiid,NBA,46.09,43.14,3.5,0.14,13.3400,11.6700,14.7200,11.9100
$150 NBA Daily 8/7,2020-08-07T22:56:33.503357,estk_ee6d6eebbcb927caf6c7d554d2fa9f75,evt_ee6d6eebbcb927ca,Nikola Vucevic,NBA,37.67,39.9,7.5,0.14,10.4000,8.2100,12.2300,8.8800
$150 NBA Daily 8/7,2020-08-07T22:56:33.503382,estk_ee6d6eebbcb927ca63a58b55849249a4,evt_ee6d6eebbcb927ca,Al Horford,NBA,29.03,33.72,8.75,0.14,7.2400,5.4700,8.8700,4.9400
$150 NBA Daily 8/7,2020-08-07T22:56:33.503394,estk_ee6d6eebbcb927ca77c3d3d4d8ad15c5,evt_ee6d6eebbcb927ca,Tobias Harris,NBA,29.74,32.33,6.75,0.14,6.6200,5.6700,8.4100,5.3700
$150 NBA Daily 8/7,2020-08-07T22:56:33.503429,estk_ee6d6eebbcb927ca58d79b9f2662f624,evt_ee6d6eebbcb927ca,Evan Fournier,NBA,22.97,24.75,5,0.14,4.2500,5.3700,5.7500,2.8800
$150 NBA Daily 8/7,2020-08-07T22:56:33.503433,estk_ee6d6eebbcb927cab3147c681557a264,evt_ee6d6eebbcb927ca,Josh Richardson,NBA,23.09,24.36,4.5,0.14,4.1200,5.4300,5.3700,2.7400
$150 NBA Daily 8/7,2020-08-07T22:56:33.503448,estk_ee6d6eebbcb927caa1e25447b314f889,evt_ee6d6eebbcb927ca,Shake Milton,NBA,20.67,22.53,4.75,0.14,3.5800,3.3400,4.8700,2.0700
$150 NBA Daily 8/7,2020-08-07T22:56:33.503473,estk_ee6d6eebbcb927ca7d8f05cf2dd6dbea,evt_ee6d6eebbcb927ca,D.J. Augustin,NBA,19.57,19.08,2.25,0.14,2.7700,4.6100,4.6100,1.6000
$150 NBA Daily 8/7,2020-08-07T22:56:33.503477,estk_ee6d6eebbcb927ca663b3162753394ed,evt_ee6d6eebbcb927ca,Terrence Ross,NBA,21.69,18.65,0,0.14,2.6900,3.5200,4.2900,1.7800
$150 NBA Daily 8/7,2020-08-07T22:56:33.503491,estk_ee6d6eebbcb927caf95aa87cc77383be,evt_ee6d6eebbcb927ca,Markelle Fultz,NBA,17.25,14.83,0,0.14,2.0700,2.8400,3.6100,
$150 NBA Daily 8/7,2020-08-07T22:56:33.503495,estk_ee6d6eebbcb927ca89a4b98163393691,evt_ee6d6eebbcb927ca,Raul Neto,NBA,15.81,13.6,0,0.14,1.8900,2.6200,3.4300,
$150 NBA Daily 8/7,2020-08-07T22:56:33.503502,estk_ee6d6eebbcb927ca8b0372db86dba9af,evt_ee6d6eebbcb927ca,Furkan Korkmaz,NBA,14.71,12.65,0,0.14,1.7800,2.4900,3.7400,
$150 NBA Daily 8/7,2020-08-07T22:56:33.503506,estk_ee6d6eebbcb927ca5684a141296027b3,evt_ee6d6eebbcb927ca,James Ennis,NBA,14.35,12.59,0.25,0.14,1.7700,2.4700,3.6900,
$150 NBA Daily 8/7,2020-08-07T22:56:33.503513,estk_ee6d6eebbcb927ca92bc30f31e413420,evt_ee6d6eebbcb927ca,Matisse Thybulle,NBA,11.92,10.25,0,0.14,1.5500,3.4100,3.2700,
$150 NBA Daily 8/7,2020-08-07T22:56:33.503516,estk_ee6d6eebbcb927ca55086ea38656fe99,evt_ee6d6eebbcb927ca,Aaron Gordon,NBA,0,0,0,0.14,1.0000,2.3400,2.5200,
$150 NBA Daily 8/7,2020-08-07T22:56:33.503521,estk_ee6d6eebbcb927cafcc6299cf30b55e3,evt_ee6d6eebbcb927ca,Ben Simmons,NBA,0,0,0,0.14,1.0000,2.5200,2.5200,
$150 NBA Daily 8/7,2020-08-07T22:56:33.503529,estk_ee6d6eebbcb927ca5a3d5db921064e90,evt_ee6d6eebbcb927ca,Michael Carter-Williams,NBA,0,0,0,0.14,1.0000,2.5200,2.5200,
$150 NBA Daily 8/7,2020-08-07T23:00:36.398289,estk_ee6d6eebbcb927ca7a763361bd2f9a08,evt_ee6d6eebbcb927ca,Joel Embiid,NBA,46.09,41.29,3.5,0.18,12.5600,11.6700,14.2600,11.4900
$150 NBA Daily 8/7,2020-08-07T23:00:36.398317,estk_ee6d6eebbcb927caf6c7d554d2fa9f75,evt_ee6d6eebbcb927ca,Nikola Vucevic,NBA,37.67,43.14,12.25,0.18,10.6200,8.2100,12.2300,8.9700
$150 NBA Daily 8/7,2020-08-07T23:00:36.398341,estk_ee6d6eebbcb927ca63a58b55849249a4,evt_ee6d6eebbcb927ca,Al Horford,NBA,29.03,35.8,12,0.18,7.4200,5.4700,8.8700,5.7400
$150 NBA Daily 8/7,2020-08-07T23:00:36.398352,estk_ee6d6eebbcb927ca77c3d3d4d8ad15c5,evt_ee6d6eebbcb927ca,Tobias Harris,NBA,29.74,35.14,10.75,0.18,6.7900,5.6700,8.4100,5.3700
$150 NBA Daily 8/7,2020-08-07T23:00:36.398393,estk_ee6d6eebbcb927ca58d79b9f2662f624,evt_ee6d6eebbcb927ca,Evan Fournier,NBA,22.97,23.34,4.5,0.18,3.9600,5.3700,5.5400,2.8800
$150 NBA Daily 8/7,2020-08-07T23:00:36.398397,estk_ee6d6eebbcb927cab3147c681557a264,evt_ee6d6eebbcb927ca,Josh Richardson,NBA,23.09,22.93,4,0.18,3.8600,5.4300,5.3700,2.7400
$150 NBA Daily 8/7,2020-08-07T23:00:36.398415,estk_ee6d6eebbcb927caa1e25447b314f889,evt_ee6d6eebbcb927ca,Shake Milton,NBA,20.67,26.45,9.5,0.18,3.3800,3.3400,4.8700,2.0700
$150 NBA Daily 8/7,2020-08-07T23:00:36.398432,estk_ee6d6eebbcb927ca7d8f05cf2dd6dbea,evt_ee6d6eebbcb927ca,D.J. Augustin,NBA,19.57,19.8,3.75,0.18,2.6800,4.6100,4.2000,1.6000
$150 NBA Daily 8/7,2020-08-07T23:00:36.398436,estk_ee6d6eebbcb927ca663b3162753394ed,evt_ee6d6eebbcb927ca,Terrence Ross,NBA,21.69,17.79,0,0.18,2.5800,3.5200,4.2900,1.7100
$150 NBA Daily 8/7,2020-08-07T23:00:36.398451,estk_ee6d6eebbcb927caf95aa87cc77383be,evt_ee6d6eebbcb927ca,Markelle Fultz,NBA,17.25,17.65,3.5,0.18,1.9700,2.8400,3.6100,
$150 NBA Daily 8/7,2020-08-07T23:00:36.398458,estk_ee6d6eebbcb927ca89a4b98163393691,evt_ee6d6eebbcb927ca,Raul Neto,NBA,15.81,12.96,0,0.18,1.8000,2.6200,3.4300,
$150 NBA Daily 8/7,2020-08-07T23:00:36.398462,estk_ee6d6eebbcb927ca5684a141296027b3,evt_ee6d6eebbcb927ca,James Ennis,NBA,14.35,12.77,1,0.18,1.7200,2.4700,3.6900,
$150 NBA Daily 8/7,2020-08-07T23:00:36.398465,estk_ee6d6eebbcb927ca8b0372db86dba9af,evt_ee6d6eebbcb927ca,Furkan Korkmaz,NBA,14.71,12.06,0,0.18,1.7100,2.4900,3.2200,
$150 NBA Daily 8/7,2020-08-07T23:00:36.398472,estk_ee6d6eebbcb927ca92bc30f31e413420,evt_ee6d6eebbcb927ca,Matisse Thybulle,NBA,11.92,9.77,0,0.18,1.4900,3.4100,3.2700,
$150 NBA Daily 8/7,2020-08-07T23:00:36.398476,estk_ee6d6eebbcb927ca55086ea38656fe99,evt_ee6d6eebbcb927ca,Aaron Gordon,NBA,0,0,0,0.18,1.0000,2.3400,2.5200,
$150 NBA Daily 8/7,2020-08-07T23:00:36.398480,estk_ee6d6eebbcb927cafcc6299cf30b55e3,evt_ee6d6eebbcb927ca,Ben Simmons,NBA,0,0,0,0.18,1.0000,2.5200,2.5200,
$150 NBA Daily 8/7,2020-08-07T23:00:36.398491,estk_ee6d6eebbcb927ca5a3d5db921064e90,evt_ee6d6eebbcb927ca,Michael Carter-Williams,NBA,0,0,0,0.18,1.0000,2.5200,2.5200,
$150 NBA Daily 8/7,2020-08-07T23:03:38.254118,estk_ee6d6eebbcb927caf6c7d554d2fa9f75,evt_ee6d6eebbcb927ca,Nikola Vucevic,NBA,37.67,42.76,12.25,0.19,12.3500,8.2100,14.2600,10.7600
$150 NBA Daily 8/7,2020-08-07T23:03:38.254146,estk_ee6d6eebbcb927ca7a763361bd2f9a08,evt_ee6d6eebbcb927ca,Joel Embiid,NBA,46.09,40.33,3,0.19,11.3200,11.6700,13.0100,9.5500
$150 NBA Daily 8/7,2020-08-07T23:03:38.254166,estk_ee6d6eebbcb927ca63a58b55849249a4,evt_ee6d6eebbcb927ca,Al Horford,NBA,29.03,35.51,12,0.19,8.2700,5.4700,9.8800,6.5600
$150 NBA Daily 8/7,2020-08-07T23:03:38.254170,estk_ee6d6eebbcb927ca77c3d3d4d8ad15c5,evt_ee6d6eebbcb927ca,Tobias Harris,NBA,29.74,34.84,10.75,0.19,7.9600,5.6700,9.5500,6.2300
$150 NBA Daily 8/7,2020-08-07T23:03:38.254214,estk_ee6d6eebbcb927caa1e25447b314f889,evt_ee6d6eebbcb927ca,Shake Milton,NBA,20.67,26.24,9.5,0.19,4.3800,3.3400,5.9400,2.7600
$150 NBA Daily 8/7,2020-08-07T23:03:38.254240,estk_ee6d6eebbcb927ca58d79b9f2662f624,evt_ee6d6eebbcb927ca,Evan Fournier,NBA,22.97,23.11,4.5,0.19,3.4600,5.3700,5.5400,2.5900
$150 NBA Daily 8/7,2020-08-07T23:03:38.254248,estk_ee6d6eebbcb927cab3147c681557a264,evt_ee6d6eebbcb927ca,Josh Richardson,NBA,23.09,22.7,4,0.19,3.3900,5.4300,5.3700,2.7400
$150 NBA Daily 8/7,2020-08-07T23:03:38.254265,estk_ee6d6eebbcb927ca7d8f05cf2dd6dbea,evt_ee6d6eebbcb927ca,D.J. Augustin,NBA,19.57,19.6,3.75,0.19,2.6900,4.6100,4.2000,1.6000
$150 NBA Daily 8/7,2020-08-07T23:03:38.254276,estk_ee6d6eebbcb927ca663b3162753394ed,evt_ee6d6eebbcb927ca,Terrence Ross,NBA,21.69,17.57,0,0.19,2.3000,3.5200,3.8500,1.4400
$150 NBA Daily 8/7,2020-08-07T23:03:38.254280,estk_ee6d6eebbcb927caf95aa87cc77383be,evt_ee6d6eebbcb927ca,Markelle Fultz,NBA,17.25,16.97,3,0.19,2.2700,2.8400,3.6100,
$150 NBA Daily 8/7,2020-08-07T23:03:38.254295,estk_ee6d6eebbcb927ca89a4b98163393691,evt_ee6d6eebbcb927ca,Raul Neto,NBA,15.81,12.81,0,0.19,1.6600,2.6200,3.4300,
$150 NBA Daily 8/7,2020-08-07T23:03:38.254298,estk_ee6d6eebbcb927ca5684a141296027b3,evt_ee6d6eebbcb927ca,James Ennis,NBA,14.35,12.62,1,0.19,1.6600,2.4700,3.1700,
$150 NBA Daily 8/7,2020-08-07T23:03:38.254302,estk_ee6d6eebbcb927ca8b0372db86dba9af,evt_ee6d6eebbcb927ca,Furkan Korkmaz,NBA,14.71,11.92,0,0.19,1.5900,2.4900,3.2200,
$150 NBA Daily 8/7,2020-08-07T23:03:38.254305,estk_ee6d6eebbcb927ca92bc30f31e413420,evt_ee6d6eebbcb927ca,Matisse Thybulle,NBA,11.92,9.66,0,0.19,1.4100,3.4100,3.2700,
$150 NBA Daily 8/7,2020-08-07T23:03:38.254309,estk_ee6d6eebbcb927ca55086ea38656fe99,evt_ee6d6eebbcb927ca,Aaron Gordon,NBA,0,0,0,0.19,1.0000,2.3400,2.5200,
$150 NBA Daily 8/7,2020-08-07T23:03:38.254313,estk_ee6d6eebbcb927cafcc6299cf30b55e3,evt_ee6d6eebbcb927ca,Ben Simmons,NBA,0,0,0,0.19,1.0000,2.5200,2.5200,
$150 NBA Daily 8/7,2020-08-07T23:03:38.254320,estk_ee6d6eebbcb927ca5a3d5db921064e90,evt_ee6d6eebbcb927ca,Michael Carter-Williams,NBA,0,0,0,0.19,1.0000,2.5200,2.5200,
$150 NBA Daily 8/7,2020-08-07T23:04:38.959223,estk_ee6d6eebbcb927caf6c7d554d2fa9f75,evt_ee6d6eebbcb927ca,Nikola Vucevic,NBA,37.67,42.39,12.25,0.2,12.3500,8.2100,14.1000,10.7600
$150 NBA Daily 8/7,2020-08-07T23:04:38.959252,estk_ee6d6eebbcb927ca7a763361bd2f9a08,evt_ee6d6eebbcb927ca,Joel Embiid,NBA,46.09,39.87,3,0.2,11.3200,11.6700,13.0100,9.5500
$150 NBA Daily 8/7,2020-08-07T23:04:38.959273,estk_ee6d6eebbcb927ca63a58b55849249a4,evt_ee6d6eebbcb927ca,Al Horford,NBA,29.03,35.22,12,0.2,8.2700,5.4700,9.8800,6.6000
$150 NBA Daily 8/7,2020-08-07T23:04:38.959276,estk_ee6d6eebbcb927ca77c3d3d4d8ad15c5,evt_ee6d6eebbcb927ca,Tobias Harris,NBA,29.74,34.54,10.75,0.2,7.9600,5.6700,9.5500,6.2300
$150 NBA Daily 8/7,2020-08-07T23:04:38.959320,estk_ee6d6eebbcb927caa1e25447b314f889,evt_ee6d6eebbcb927ca,Shake Milton,NBA,20.67,26.04,9.5,0.2,4.3800,3.3400,5.9400,2.7600
$150 NBA Daily 8/7,2020-08-07T23:04:38.959342,estk_ee6d6eebbcb927ca58d79b9f2662f624,evt_ee6d6eebbcb927ca,Evan Fournier,NBA,22.97,22.88,4.5,0.2,3.4600,5.3700,5.0300,2.5900
$150 NBA Daily 8/7,2020-08-07T23:04:38.959350,estk_ee6d6eebbcb927cab3147c681557a264,evt_ee6d6eebbcb927ca,Josh Richardson,NBA,23.09,22.47,4,0.2,3.3900,5.4300,5.3700,2.5600
$150 NBA Daily 8/7,2020-08-07T23:04:38.959367,estk_ee6d6eebbcb927ca7d8f05cf2dd6dbea,evt_ee6d6eebbcb927ca,D.J. Augustin,NBA,19.57,19.41,3.75,0.2,2.6900,4.6100,4.2000,1.6000
$150 NBA Daily 8/7,2020-08-07T23:04:38.959378,estk_ee6d6eebbcb927ca663b3162753394ed,evt_ee6d6eebbcb927ca,Terrence Ross,NBA,21.69,16.85,-0.5,0.2,2.3000,3.5200,3.8500,1.4400
$150 NBA Daily 8/7,2020-08-07T23:04:38.959382,estk_ee6d6eebbcb927caf95aa87cc77383be,evt_ee6d6eebbcb927ca,Markelle Fultz,NBA,17.25,16.8,3,0.2,2.2700,2.8400,3.6100,
$150 NBA Daily 8/7,2020-08-07T23:04:38.959396,estk_ee6d6eebbcb927ca89a4b98163393691,evt_ee6d6eebbcb927ca,Raul Neto,NBA,15.81,12.65,0,0.2,1.6600,2.6200,3.4300,
$150 NBA Daily 8/7,2020-08-07T23:04:38.959400,estk_ee6d6eebbcb927ca5684a141296027b3,evt_ee6d6eebbcb927ca,James Ennis,NBA,14.35,15.73,4.25,0.2,1.6600,2.4700,3.1700,
$150 NBA Daily 8/7,2020-08-07T23:04:38.959403,estk_ee6d6eebbcb927ca8b0372db86dba9af,evt_ee6d6eebbcb927ca,Furkan Korkmaz,NBA,14.71,11.77,0,0.2,1.5900,2.4900,3.2200,
$150 NBA Daily 8/7,2020-08-07T23:04:38.959407,estk_ee6d6eebbcb927ca92bc30f31e413420,evt_ee6d6eebbcb927ca,Matisse Thybulle,NBA,11.92,9.54,0,0.2,1.4100,3.4100,3.2700,
$150 NBA Daily 8/7,2020-08-07T23:04:38.959411,estk_ee6d6eebbcb927ca55086ea38656fe99,evt_ee6d6eebbcb927ca,Aaron Gordon,NBA,0,0,0,0.2,1.0000,2.3400,2.5200,
$150 NBA Daily 8/7,2020-08-07T23:04:38.959415,estk_ee6d6eebbcb927cafcc6299cf30b55e3,evt_ee6d6eebbcb927ca,Ben Simmons,NBA,0,0,0,0.2,1.0000,2.5200,2.5200,
$150 NBA Daily 8/7,2020-08-07T23:04:38.959423,estk_ee6d6eebbcb927ca5a3d5db921064e90,evt_ee6d6eebbcb927ca,Michael Carter-Williams,NBA,0,0,0,0.2,1.0000,2.5200,2.5200,
$150 NBA Daily 8/7,2020-08-07T23:05:39.687592,estk_ee6d6eebbcb927caf6c7d554d2fa9f75,evt_ee6d6eebbcb927ca,Nikola Vucevic,NBA,37.67,42.01,12.25,0.21,12.1200,8.2100,14.1000,10.7600
$150 NBA Daily 8/7,2020-08-07T23:05:39.687623,estk_ee6d6eebbcb927ca7a763361bd2f9a08,evt_ee6d6eebbcb927ca,Joel Embiid,NBA,46.09,42.66,6.25,0.21,10.6300,11.6700,12.3400,9.5500
$150 NBA Daily 8/7,2020-08-07T23:05:39.687644,estk_ee6d6eebbcb927ca63a58b55849249a4,evt_ee6d6eebbcb927ca,Al Horford,NBA,29.03,34.93,12,0.21,8.0300,5.4700,9.8800,6.6000
$150 NBA Daily 8/7,2020-08-07T23:05:39.687648,estk_ee6d6eebbcb927ca77c3d3d4d8ad15c5,evt_ee6d6eebbcb927ca,Tobias Harris,NBA,29.74,34.24,10.75,0.21,7.6900,5.6700,9.5500,6.2300
$150 NBA Daily 8/7,2020-08-07T23:05:39.687695,estk_ee6d6eebbcb927caa1e25447b314f889,evt_ee6d6eebbcb927ca,Shake Milton,NBA,20.67,25.83,9.5,0.21,4.2800,3.3400,5.9400,2.7600
$150 NBA Daily 8/7,2020-08-07T23:05:39.687717,estk_ee6d6eebbcb927ca58d79b9f2662f624,evt_ee6d6eebbcb927ca,Evan Fournier,NBA,22.97,22.65,4.5,0.21,3.3900,5.3700,4.9600,2.4500
$150 NBA Daily 8/7,2020-08-07T23:05:39.687725,estk_ee6d6eebbcb927cab3147c681557a264,evt_ee6d6eebbcb927ca,Josh Richardson,NBA,23.09,22.24,4,0.21,3.2600,5.4300,4.8300,2.2100
$150 NBA Daily 8/7,2020-08-07T23:05:39.687739,estk_ee6d6eebbcb927ca7d8f05cf2dd6dbea,evt_ee6d6eebbcb927ca,D.J. Augustin,NBA,19.57,19.21,3.75,0.21,2.5800,4.6100,4.2000,1.6000
$150 NBA Daily 8/7,2020-08-07T23:05:39.687753,estk_ee6d6eebbcb927ca663b3162753394ed,evt_ee6d6eebbcb927ca,Terrence Ross,NBA,21.69,16.64,-0.5,0.21,2.1600,3.5200,3.8500,1.2300
$150 NBA Daily 8/7,2020-08-07T23:05:39.687757,estk_ee6d6eebbcb927caf95aa87cc77383be,evt_ee6d6eebbcb927ca,Markelle Fultz,NBA,17.25,16.63,3,0.21,2.1600,2.8400,3.6100,
$150 NBA Daily 8/7,2020-08-07T23:05:39.687764,estk_ee6d6eebbcb927ca5684a141296027b3,evt_ee6d6eebbcb927ca,James Ennis,NBA,14.35,15.59,4.25,0.21,1.9800,2.4700,3.1700,
$150 NBA Daily 8/7,2020-08-07T23:05:39.687775,estk_ee6d6eebbcb927ca89a4b98163393691,evt_ee6d6eebbcb927ca,Raul Neto,NBA,15.81,12.49,0,0.21,1.6200,2.6200,3.4300,
$150 NBA Daily 8/7,2020-08-07T23:05:39.687779,estk_ee6d6eebbcb927ca8b0372db86dba9af,evt_ee6d6eebbcb927ca,Furkan Korkmaz,NBA,14.71,11.62,0,0.21,1.5300,2.4900,3.2200,
$150 NBA Daily 8/7,2020-08-07T23:05:39.687783,estk_ee6d6eebbcb927ca92bc30f31e413420,evt_ee6d6eebbcb927ca,Matisse Thybulle,NBA,11.92,9.42,0,0.21,1.3800,3.4100,2.9100,
$150 NBA Daily 8/7,2020-08-07T23:05:39.687786,estk_ee6d6eebbcb927ca55086ea38656fe99,evt_ee6d6eebbcb927ca,Aaron Gordon,NBA,0,0,0,0.21,1.0000,2.3400,2.5200,
$150 NBA Daily 8/7,2020-08-07T23:05:39.687791,estk_ee6d6eebbcb927cafcc6299cf30b55e3,evt_ee6d6eebbcb927ca,Ben Simmons,NBA,0,0,0,0.21,1.0000,2.5200,2.5200,
$150 NBA Daily 8/7,2020-08-07T23:05:39.687800,estk_ee6d6eebbcb927ca5a3d5db921064e90,evt_ee6d6eebbcb927ca,Michael Carter-Williams,NBA,0,0,0,0.21,1.0000,2.5200,2.5200,
$150 NBA Daily 8/7,2020-08-07T23:06:40.371057,estk_ee6d6eebbcb927ca7a763361bd2f9a08,evt_ee6d6eebbcb927ca,Joel Embiid,NBA,46.09,40.74,5.25,0.23,12.2900,11.6700,12.3400,9.5500
$150 NBA Daily 8/7,2020-08-07T23:06:40.371088,estk_ee6d6eebbcb927caf6c7d554d2fa9f75,evt_ee6d6eebbcb927ca,Nikola Vucevic,NBA,37.67,41.26,12.25,0.23,11.7900,8.2100,14.1000,10.7600
$150 NBA Daily 8/7,2020-08-07T23:06:40.371109,estk_ee6d6eebbcb927ca63a58b55849249a4,evt_ee6d6eebbcb927ca,Al Horford,NBA,29.03,34.35,12,0.23,7.8800,5.4700,9.8800,6.6000
$150 NBA Daily 8/7,2020-08-07T23:06:40.371116,estk_ee6d6eebbcb927ca77c3d3d4d8ad15c5,evt_ee6d6eebbcb927ca,Tobias Harris,NBA,29.74,33.65,10.75,0.23,7.5200,5.6700,9.5500,6.2300
$150 NBA Daily 8/7,2020-08-07T23:06:40.371160,estk_ee6d6eebbcb927caa1e25447b314f889,evt_ee6d6eebbcb927ca,Shake Milton,NBA,20.67,25.42,9.5,0.23,4.1700,3.3400,5.9400,2.7600
$150 NBA Daily 8/7,2020-08-07T23:06:40.371186,estk_ee6d6eebbcb927ca58d79b9f2662f624,evt_ee6d6eebbcb927ca,Evan Fournier,NBA,22.97,22.19,4.5,0.23,3.2700,5.3700,4.9600,2.4500
$150 NBA Daily 8/7,2020-08-07T23:06:40.371190,estk_ee6d6eebbcb927cab3147c681557a264,evt_ee6d6eebbcb927ca,Josh Richardson,NBA,23.09,21.78,4,0.23,3.1400,5.4300,4.8300,2.2100
$150 NBA Daily 8/7,2020-08-07T23:06:40.371204,estk_ee6d6eebbcb927ca7d8f05cf2dd6dbea,evt_ee6d6eebbcb927ca,D.J. Augustin,NBA,19.57,18.82,3.75,0.23,2.5700,4.6100,4.2000,1.6000
$150 NBA Daily 8/7,2020-08-07T23:06:40.371219,estk_ee6d6eebbcb927caf95aa87cc77383be,evt_ee6d6eebbcb927ca,Markelle Fultz,NBA,17.25,15.78,2.5,0.23,2.1100,2.8400,3.6100,
$150 NBA Daily 8/7,2020-08-07T23:06:40.371222,estk_ee6d6eebbcb927ca663b3162753394ed,evt_ee6d6eebbcb927ca,Terrence Ross,NBA,21.69,16.2,-0.5,0.23,2.0900,3.5200,3.7000,1.2300
$150 NBA Daily 8/7,2020-08-07T23:06:40.371226,estk_ee6d6eebbcb927ca5684a141296027b3,evt_ee6d6eebbcb927ca,James Ennis,NBA,14.35,16.55,5.5,0.23,1.9800,2.4700,3.1700,
$150 NBA Daily 8/7,2020-08-07T23:06:40.371237,estk_ee6d6eebbcb927ca89a4b98163393691,evt_ee6d6eebbcb927ca,Raul Neto,NBA,15.81,12.17,0,0.23,1.6200,2.6200,3.4300,
$150 NBA Daily 8/7,2020-08-07T23:06:40.371241,estk_ee6d6eebbcb927ca8b0372db86dba9af,evt_ee6d6eebbcb927ca,Furkan Korkmaz,NBA,14.71,11.33,0,0.23,1.5300,2.4900,3.2200,
$150 NBA Daily 8/7,2020-08-07T23:06:40.371245,estk_ee6d6eebbcb927ca92bc30f31e413420,evt_ee6d6eebbcb927ca,Matisse Thybulle,NBA,11.92,9.18,0,0.23,1.3700,3.4100,2.9100,
$150 NBA Daily 8/7,2020-08-07T23:06:40.371248,estk_ee6d6eebbcb927ca55086ea38656fe99,evt_ee6d6eebbcb927ca,Aaron Gordon,NBA,0,0,0,0.23,1.0000,2.3400,2.5200,
$150 NBA Daily 8/7,2020-08-07T23:06:40.371253,estk_ee6d6eebbcb927cafcc6299cf30b55e3,evt_ee6d6eebbcb927ca,Ben Simmons,NBA,0,0,0,0.23,1.0000,2.5200,2.5200,
$150 NBA Daily 8/7,2020-08-07T23:06:40.371261,estk_ee6d6eebbcb927ca5a3d5db921064e90,evt_ee6d6eebbcb927ca,Michael Carter-Williams,NBA,0,0,0,0.23,1.0000,2.5200,2.5200,
$150 NBA Daily 8/7,2020-08-07T23:07:41.019583,estk_ee6d6eebbcb927caf6c7d554d2fa9f75,evt_ee6d6eebbcb927ca,Nikola Vucevic,NBA,37.67,40.88,12.25,0.24,11.5500,8.2100,13.2000,10.3800
$150 NBA Daily 8/7,2020-08-07T23:07:41.019614,estk_ee6d6eebbcb927ca7a763361bd2f9a08,evt_ee6d6eebbcb927ca,Joel Embiid,NBA,46.09,40.28,5.25,0.24,11.1300,11.6700,12.3400,9.5500
$150 NBA Daily 8/7,2020-08-07T23:07:41.019639,estk_ee6d6eebbcb927ca63a58b55849249a4,evt_ee6d6eebbcb927ca,Al Horford,NBA,29.03,34.06,12,0.24,7.6500,5.4700,9.8800,6.6000
$150 NBA Daily 8/7,2020-08-07T23:07:41.019643,estk_ee6d6eebbcb927ca77c3d3d4d8ad15c5,evt_ee6d6eebbcb927ca,Tobias Harris,NBA,29.74,33.35,10.75,0.24,7.4200,5.6700,9.5500,6.2300
$150 NBA Daily 8/7,2020-08-07T23:07:41.019691,estk_ee6d6eebbcb927caa1e25447b314f889,evt_ee6d6eebbcb927ca,Shake Milton,NBA,20.67,25.21,9.5,0.24,4.0700,3.3400,5.9400,2.7600
$150 NBA Daily 8/7,2020-08-07T23:07:41.019714,estk_ee6d6eebbcb927ca58d79b9f2662f624,evt_ee6d6eebbcb927ca,Evan Fournier,NBA,22.97,21.96,4.5,0.24,3.1500,5.3700,4.9600,1.9500
$150 NBA Daily 8/7,2020-08-07T23:07:41.019721,estk_ee6d6eebbcb927cab3147c681557a264,evt_ee6d6eebbcb927ca,Josh Richardson,NBA,23.09,21.55,4,0.24,3.0900,5.4300,4.8300,2.2100
$150 NBA Daily 8/7,2020-08-07T23:07:41.019735,estk_ee6d6eebbcb927ca7d8f05cf2dd6dbea,evt_ee6d6eebbcb927ca,D.J. Augustin,NBA,19.57,18.62,3.75,0.24,2.4800,4.6100,4.2000,1.6000
$150 NBA Daily 8/7,2020-08-07T23:07:41.019746,estk_ee6d6eebbcb927ca5684a141296027b3,evt_ee6d6eebbcb927ca,James Ennis,NBA,14.35,16.41,5.5,0.24,2.0900,2.4700,3.1700,
$150 NBA Daily 8/7,2020-08-07T23:07:41.019750,estk_ee6d6eebbcb927ca663b3162753394ed,evt_ee6d6eebbcb927ca,Terrence Ross,NBA,21.69,16.23,-0.25,0.24,2.0500,3.5200,3.7000,1.2300
$150 NBA Daily 8/7,2020-08-07T23:07:41.019753,estk_ee6d6eebbcb927caf95aa87cc77383be,evt_ee6d6eebbcb927ca,Markelle Fultz,NBA,17.25,17.61,4.5,0.24,1.9700,2.8400,3.6100,
$150 NBA Daily 8/7,2020-08-07T23:07:41.019764,estk_ee6d6eebbcb927ca89a4b98163393691,evt_ee6d6eebbcb927ca,Raul Neto,NBA,15.81,12.02,0,0.24,1.5800,2.6200,3.4300,
$150 NBA Daily 8/7,2020-08-07T23:07:41.019768,estk_ee6d6eebbcb927ca8b0372db86dba9af,evt_ee6d6eebbcb927ca,Furkan Korkmaz,NBA,14.71,11.18,0,0.24,1.5000,2.4900,3.2200,
$150 NBA Daily 8/7,2020-08-07T23:07:41.019772,estk_ee6d6eebbcb927ca92bc30f31e413420,evt_ee6d6eebbcb927ca,Matisse Thybulle,NBA,11.92,11.06,2,0.24,1.3500,3.4100,2.9100,
$150 NBA Daily 8/7,2020-08-07T23:07:41.019776,estk_ee6d6eebbcb927ca55086ea38656fe99,evt_ee6d6eebbcb927ca,Aaron Gordon,NBA,0,0,0,0.24,1.0000,2.3400,2.5200,
$150 NBA Daily 8/7,2020-08-07T23:07:41.019780,estk_ee6d6eebbcb927cafcc6299cf30b55e3,evt_ee6d6eebbcb927ca,Ben Simmons,NBA,0,0,0,0.24,1.0000,2.5200,2.5200,
$150 NBA Daily 8/7,2020-08-07T23:07:41.019788,estk_ee6d6eebbcb927ca5a3d5db921064e90,evt_ee6d6eebbcb927ca,Michael Carter-Williams,NBA,0,0,0,0.24,1.0000,2.5200,2.5200,
$150 NBA Daily 8/7,2020-08-07T23:08:41.715458,estk_ee6d6eebbcb927caf6c7d554d2fa9f75,evt_ee6d6eebbcb927ca,Nikola Vucevic,NBA,37.67,40.5,12.25,0.25,11.3200,8.2100,13.2000,10.3800
$150 NBA Daily 8/7,2020-08-07T23:08:41.715489,estk_ee6d6eebbcb927ca7a763361bd2f9a08,evt_ee6d6eebbcb927ca,Joel Embiid,NBA,46.09,39.82,5.25,0.25,11.0100,11.6700,12.7300,9.5500
$150 NBA Daily 8/7,2020-08-07T23:08:41.715514,estk_ee6d6eebbcb927ca63a58b55849249a4,evt_ee6d6eebbcb927ca,Al Horford,NBA,29.03,33.77,12,0.25,7.5300,5.4700,9.3000,6.6000
$150 NBA Daily 8/7,2020-08-07T23:08:41.715521,estk_ee6d6eebbcb927ca77c3d3d4d8ad15c5,evt_ee6d6eebbcb927ca,Tobias Harris,NBA,29.74,33.05,10.75,0.25,7.1600,5.6700,9.0700,6.2300
$150 NBA Daily 8/7,2020-08-07T23:08:41.715565,estk_ee6d6eebbcb927caa1e25447b314f889,evt_ee6d6eebbcb927ca,Shake Milton,NBA,20.67,25,9.5,0.25,4.0200,3.3400,5.9400,2.7600
$150 NBA Daily 8/7,2020-08-07T23:08:41.715591,estk_ee6d6eebbcb927ca58d79b9f2662f624,evt_ee6d6eebbcb927ca,Evan Fournier,NBA,22.97,21.73,4.5,0.25,3.1000,5.3700,4.9600,1.9500
$150 NBA Daily 8/7,2020-08-07T23:08:41.715595,estk_ee6d6eebbcb927cab3147c681557a264,evt_ee6d6eebbcb927ca,Josh Richardson,NBA,23.09,21.32,4,0.25,3.0100,5.4300,4.8300,2.2100
$150 NBA Daily 8/7,2020-08-07T23:08:41.715612,estk_ee6d6eebbcb927ca7d8f05cf2dd6dbea,evt_ee6d6eebbcb927ca,D.J. Augustin,NBA,19.57,18.43,3.75,0.25,2.3900,4.6100,4.0300,1.6000
$150 NBA Daily 8/7,2020-08-07T23:08:41.715616,estk_ee6d6eebbcb927caf95aa87cc77383be,evt_ee6d6eebbcb927ca,Markelle Fultz,NBA,17.25,18.94,6,0.25,2.2400,2.8400,3.6100,
$150 NBA Daily 8/7,2020-08-07T23:08:41.715623,estk_ee6d6eebbcb927ca5684a141296027b3,evt_ee6d6eebbcb927ca,James Ennis,NBA,14.35,17.76,7,0.25,2.0600,2.4700,3.1700,
$150 NBA Daily 8/7,2020-08-07T23:08:41.715627,estk_ee6d6eebbcb927ca663b3162753394ed,evt_ee6d6eebbcb927ca,Terrence Ross,NBA,21.69,16.02,-0.25,0.25,2.0300,3.5200,3.7000,1.2300
$150 NBA Daily 8/7,2020-08-07T23:08:41.715638,estk_ee6d6eebbcb927ca89a4b98163393691,evt_ee6d6eebbcb927ca,Raul Neto,NBA,15.81,11.86,0,0.25,1.5500,2.6200,3.4300,
$150 NBA Daily 8/7,2020-08-07T23:08:41.715641,estk_ee6d6eebbcb927ca8b0372db86dba9af,evt_ee6d6eebbcb927ca,Furkan Korkmaz,NBA,14.71,11.03,0,0.25,1.4800,2.4900,3.2200,
$150 NBA Daily 8/7,2020-08-07T23:08:41.715645,estk_ee6d6eebbcb927ca92bc30f31e413420,evt_ee6d6eebbcb927ca,Matisse Thybulle,NBA,11.92,10.94,2,0.25,1.4700,3.4100,2.9100,
$150 NBA Daily 8/7,2020-08-07T23:08:41.715649,estk_ee6d6eebbcb927ca55086ea38656fe99,evt_ee6d6eebbcb927ca,Aaron Gordon,NBA,0,0,0,0.25,1.0000,2.3400,2.5200,
$150 NBA Daily 8/7,2020-08-07T23:08:41.715653,estk_ee6d6eebbcb927cafcc6299cf30b55e3,evt_ee6d6eebbcb927ca,Ben Simmons,NBA,0,0,0,0.25,1.0000,2.5200,2.5200,
$150 NBA Daily 8/7,2020-08-07T23:08:41.715660,estk_ee6d6eebbcb927ca5a3d5db921064e90,evt_ee6d6eebbcb927ca,Michael Carter-Williams,NBA,0,0,0,0.25,1.0000,2.5200,2.5200,
$150 NBA Daily 8/7,2020-08-07T23:13:44.971843,estk_ee6d6eebbcb927caf6c7d554d2fa9f75,evt_ee6d6eebbcb927ca,Nikola Vucevic,NBA,37.67,39.37,12.25,0.28,11.1300,8.2100,12.9400,10.0500
$150 NBA Daily 8/7,2020-08-07T23:13:44.971871,estk_ee6d6eebbcb927ca7a763361bd2f9a08,evt_ee6d6eebbcb927ca,Joel Embiid,NBA,46.09,38.43,5.25,0.28,10.7000,11.6700,12.7300,9.5500
$150 NBA Daily 8/7,2020-08-07T23:13:44.971895,estk_ee6d6eebbcb927ca63a58b55849249a4,evt_ee6d6eebbcb927ca,Al Horford,NBA,29.03,32.9,12,0.28,7.4700,5.4700,9.1800,6.0200
$150 NBA Daily 8/7,2020-08-07T23:13:44.971902,estk_ee6d6eebbcb927ca77c3d3d4d8ad15c5,evt_ee6d6eebbcb927ca,Tobias Harris,NBA,29.74,32.16,10.75,0.28,7.1000,5.6700,8.7000,6.0400
$150 NBA Daily 8/7,2020-08-07T23:13:44.971945,estk_ee6d6eebbcb927caa1e25447b314f889,evt_ee6d6eebbcb927ca,Shake Milton,NBA,20.67,24.38,9.5,0.28,3.9300,3.3400,5.9400,2.7600
$150 NBA Daily 8/7,2020-08-07T23:13:44.971969,estk_ee6d6eebbcb927ca58d79b9f2662f624,evt_ee6d6eebbcb927ca,Evan Fournier,NBA,22.97,21.04,4.5,0.28,3.0500,5.3700,4.9600,1.9500
$150 NBA Daily 8/7,2020-08-07T23:13:44.971980,estk_ee6d6eebbcb927cab3147c681557a264,evt_ee6d6eebbcb927ca,Josh Richardson,NBA,23.09,20.62,4,0.28,2.9600,5.4300,4.8300,2.0600
$150 NBA Daily 8/7,2020-08-07T23:13:44.971991,estk_ee6d6eebbcb927caf95aa87cc77383be,evt_ee6d6eebbcb927ca,Markelle Fultz,NBA,17.25,18.42,6,0.28,2.4600,2.8400,3.6100,
$150 NBA Daily 8/7,2020-08-07T23:13:44.971998,estk_ee6d6eebbcb927ca7d8f05cf2dd6dbea,evt_ee6d6eebbcb927ca,D.J. Augustin,NBA,19.57,17.84,3.75,0.28,2.3600,4.6100,4.0300,1.5300
$150 NBA Daily 8/7,2020-08-07T23:13:44.972005,estk_ee6d6eebbcb927ca5684a141296027b3,evt_ee6d6eebbcb927ca,James Ennis,NBA,14.35,17.33,7,0.28,2.2500,2.4700,3.7700,
$150 NBA Daily 8/7,2020-08-07T23:13:44.972009,estk_ee6d6eebbcb927ca663b3162753394ed,evt_ee6d6eebbcb927ca,Terrence Ross,NBA,21.69,14.87,-0.75,0.28,2.0000,3.5200,3.7000,1.1900
$150 NBA Daily 8/7,2020-08-07T23:13:44.972021,estk_ee6d6eebbcb927ca89a4b98163393691,evt_ee6d6eebbcb927ca,Raul Neto,NBA,15.81,11.38,0,0.28,1.5300,2.6200,3.4300,
$150 NBA Daily 8/7,2020-08-07T23:13:44.972025,estk_ee6d6eebbcb927ca8b0372db86dba9af,evt_ee6d6eebbcb927ca,Furkan Korkmaz,NBA,14.71,10.59,0,0.28,1.4700,2.4900,3.2200,
$150 NBA Daily 8/7,2020-08-07T23:13:44.972028,estk_ee6d6eebbcb927ca92bc30f31e413420,evt_ee6d6eebbcb927ca,Matisse Thybulle,NBA,11.92,10.58,2,0.28,1.4400,3.4100,2.9100,
$150 NBA Daily 8/7,2020-08-07T23:13:44.972032,estk_ee6d6eebbcb927ca55086ea38656fe99,evt_ee6d6eebbcb927ca,Aaron Gordon,NBA,0,0,0,0.28,1.0000,2.3400,2.5200,
$150 NBA Daily 8/7,2020-08-07T23:13:44.972036,estk_ee6d6eebbcb927cafcc6299cf30b55e3,evt_ee6d6eebbcb927ca,Ben Simmons,NBA,0,0,0,0.28,1.0000,2.5200,2.5200,
$150 NBA Daily 8/7,2020-08-07T23:13:44.972044,estk_ee6d6eebbcb927ca5a3d5db921064e90,evt_ee6d6eebbcb927ca,Michael Carter-Williams,NBA,0,0,0,0.28,1.0000,2.5200,2.5200,
$150 NBA Daily 8/7,2020-08-07T23:15:46.291544,estk_ee6d6eebbcb927caf6c7d554d2fa9f75,evt_ee6d6eebbcb927ca,Nikola Vucevic,NBA,37.67,38.62,12.25,0.3,10.7000,8.2100,12.4100,9.4100
$150 NBA Daily 8/7,2020-08-07T23:15:46.291582,estk_ee6d6eebbcb927ca7a763361bd2f9a08,evt_ee6d6eebbcb927ca,Joel Embiid,NBA,46.09,39.51,7.25,0.3,10.0300,11.6700,11.7300,8.9200
$150 NBA Daily 8/7,2020-08-07T23:15:46.291601,estk_ee6d6eebbcb927ca63a58b55849249a4,evt_ee6d6eebbcb927ca,Al Horford,NBA,29.03,32.32,12,0.3,7.0900,5.4700,8.7300,6.0200
$150 NBA Daily 8/7,2020-08-07T23:15:46.291616,estk_ee6d6eebbcb927ca77c3d3d4d8ad15c5,evt_ee6d6eebbcb927ca,Tobias Harris,NBA,29.74,33.82,13,0.3,6.6600,5.6700,8.2900,
$150 NBA Daily 8/7,2020-08-07T23:15:46.291655,estk_ee6d6eebbcb927caa1e25447b314f889,evt_ee6d6eebbcb927ca,Shake Milton,NBA,20.67,23.97,9.5,0.3,3.7600,3.3400,5.3400,2.7600
$150 NBA Daily 8/7,2020-08-07T23:15:46.291679,estk_ee6d6eebbcb927ca58d79b9f2662f624,evt_ee6d6eebbcb927ca,Evan Fournier,NBA,22.97,20.58,4.5,0.3,2.9100,5.3700,4.4700,1.9500
$150 NBA Daily 8/7,2020-08-07T23:15:46.291683,estk_ee6d6eebbcb927cab3147c681557a264,evt_ee6d6eebbcb927ca,Josh Richardson,NBA,23.09,20.16,4,0.3,2.8400,5.4300,4.8300,1.8200
$150 NBA Daily 8/7,2020-08-07T23:15:46.291694,estk_ee6d6eebbcb927caf95aa87cc77383be,evt_ee6d6eebbcb927ca,Markelle Fultz,NBA,17.25,20.07,8,0.3,2.3500,2.8400,3.6100,
$150 NBA Daily 8/7,2020-08-07T23:15:46.291701,estk_ee6d6eebbcb927ca7d8f05cf2dd6dbea,evt_ee6d6eebbcb927ca,D.J. Augustin,NBA,19.57,17.45,3.75,0.3,2.2500,4.6100,4.0300,1.3500
$150 NBA Daily 8/7,2020-08-07T23:15:46.291705,estk_ee6d6eebbcb927ca5684a141296027b3,evt_ee6d6eebbcb927ca,James Ennis,NBA,14.35,17.05,7,0.3,2.1500,2.4700,3.7700,
$150 NBA Daily 8/7,2020-08-07T23:15:46.291712,estk_ee6d6eebbcb927ca663b3162753394ed,evt_ee6d6eebbcb927ca,Terrence Ross,NBA,21.69,13.93,-1.25,0.3,1.8300,3.5200,3.7000,
$150 NBA Daily 8/7,2020-08-07T23:15:46.291719,estk_ee6d6eebbcb927ca89a4b98163393691,evt_ee6d6eebbcb927ca,Raul Neto,NBA,15.81,11.07,0,0.3,1.4700,2.6200,3.4300,
$150 NBA Daily 8/7,2020-08-07T23:15:46.291723,estk_ee6d6eebbcb927ca92bc30f31e413420,evt_ee6d6eebbcb927ca,Matisse Thybulle,NBA,11.92,10.34,2,0.3,1.4300,3.4100,2.9100,
$150 NBA Daily 8/7,2020-08-07T23:15:46.291726,estk_ee6d6eebbcb927ca8b0372db86dba9af,evt_ee6d6eebbcb927ca,Furkan Korkmaz,NBA,14.71,10.3,0,0.3,1.4200,2.4900,3.2200,
$150 NBA Daily 8/7,2020-08-07T23:15:46.291730,estk_ee6d6eebbcb927ca55086ea38656fe99,evt_ee6d6eebbcb927ca,Aaron Gordon,NBA,0,0,0,0.3,1.0000,2.3400,2.5200,
$150 NBA Daily 8/7,2020-08-07T23:15:46.291734,estk_ee6d6eebbcb927cafcc6299cf30b55e3,evt_ee6d6eebbcb927ca,Ben Simmons,NBA,0,0,0,0.3,1.0000,2.5200,2.5200,
$150 NBA Daily 8/7,2020-08-07T23:15:46.291741,estk_ee6d6eebbcb927ca5a3d5db921064e90,evt_ee6d6eebbcb927ca,Michael Carter-Williams,NBA,0,0,0,0.3,1.0000,2.5200,2.5200,
$150 NBA Daily 8/7,2020-08-07T23:16:46.935615,estk_ee6d6eebbcb927caf6c7d554d2fa9f75,evt_ee6d6eebbcb927ca,Nikola Vucevic,NBA,37.67,38.24,12.25,0.31,10.7000,8.2100,12.4100,8.9900
$150 NBA Daily 8/7,2020-08-07T23:16:46.935654,estk_ee6d6eebbcb927ca7a763361bd2f9a08,evt_ee6d6eebbcb927ca,Joel Embiid,NBA,46.09,39.05,7.25,0.31,10.0300,11.6700,11.7300,8.9200
$150 NBA Daily 8/7,2020-08-07T23:16:46.935673,estk_ee6d6eebbcb927ca63a58b55849249a4,evt_ee6d6eebbcb927ca,Al Horford,NBA,29.03,32.03,12,0.31,7.0900,5.4700,8.7300,6.0200
$150 NBA Daily 8/7,2020-08-07T23:16:46.935688,estk_ee6d6eebbcb927ca77c3d3d4d8ad15c5,evt_ee6d6eebbcb927ca,Tobias Harris,NBA,29.74,33.02,12.5,0.31,6.6600,5.6700,8.2900,
$150 NBA Daily 8/7,2020-08-07T23:16:46.935727,estk_ee6d6eebbcb927caa1e25447b314f889,evt_ee6d6eebbcb927ca,Shake Milton,NBA,20.67,23.76,9.5,0.31,3.7600,3.3400,5.3400,2.7600
$150 NBA Daily 8/7,2020-08-07T23:16:46.935752,estk_ee6d6eebbcb927ca58d79b9f2662f624,evt_ee6d6eebbcb927ca,Evan Fournier,NBA,22.97,20.35,4.5,0.31,2.9100,5.3700,4.4700,1.9500
$150 NBA Daily 8/7,2020-08-07T23:16:46.935756,estk_ee6d6eebbcb927cab3147c681557a264,evt_ee6d6eebbcb927ca,Josh Richardson,NBA,23.09,19.93,4,0.31,2.8400,5.4300,4.8300,1.8200
$150 NBA Daily 8/7,2020-08-07T23:16:46.935767,estk_ee6d6eebbcb927caf95aa87cc77383be,evt_ee6d6eebbcb927ca,Markelle Fultz,NBA,17.25,19.9,8,0.31,2.3500,2.8400,3.6100,
$150 NBA Daily 8/7,2020-08-07T23:16:46.935774,estk_ee6d6eebbcb927ca7d8f05cf2dd6dbea,evt_ee6d6eebbcb927ca,D.J. Augustin,NBA,19.57,17.25,3.75,0.31,2.2500,4.0300,4.0300,1.3500
$150 NBA Daily 8/7,2020-08-07T23:16:46.935778,estk_ee6d6eebbcb927ca5684a141296027b3,evt_ee6d6eebbcb927ca,James Ennis,NBA,14.35,16.9,7,0.31,2.1500,3.7700,3.7700,
$150 NBA Daily 8/7,2020-08-07T23:16:46.935785,estk_ee6d6eebbcb927ca663b3162753394ed,evt_ee6d6eebbcb927ca,Terrence Ross,NBA,21.69,13.22,-1.75,0.31,1.8300,3.5200,3.7000,
$150 NBA Daily 8/7,2020-08-07T23:16:46.935792,estk_ee6d6eebbcb927ca89a4b98163393691,evt_ee6d6eebbcb927ca,Raul Neto,NBA,15.81,10.91,0,0.31,1.4700,2.6200,3.4300,
$150 NBA Daily 8/7,2020-08-07T23:16:46.935796,estk_ee6d6eebbcb927ca92bc30f31e413420,evt_ee6d6eebbcb927ca,Matisse Thybulle,NBA,11.92,10.22,2,0.31,1.4300,2.9100,2.9100,
$150 NBA Daily 8/7,2020-08-07T23:16:46.935800,estk_ee6d6eebbcb927ca8b0372db86dba9af,evt_ee6d6eebbcb927ca,Furkan Korkmaz,NBA,14.71,10.15,0,0.31,1.4200,2.4900,3.2200,
$150 NBA Daily 8/7,2020-08-07T23:16:46.935804,estk_ee6d6eebbcb927ca55086ea38656fe99,evt_ee6d6eebbcb927ca,Aaron Gordon,NBA,0,0,0,0.31,1.0000,2.5200,2.5200,
$150 NBA Daily 8/7,2020-08-07T23:16:46.935808,estk_ee6d6eebbcb927cafcc6299cf30b55e3,evt_ee6d6eebbcb927ca,Ben Simmons,NBA,0,0,0,0.31,1.0000,2.5200,2.5200,
$150 NBA Daily 8/7,2020-08-07T23:16:46.935815,estk_ee6d6eebbcb927ca5a3d5db921064e90,evt_ee6d6eebbcb927ca,Michael Carter-Williams,NBA,0,0,0,0.31,1.0000,2.5200,2.5200,
$150 NBA Daily 8/7,2020-08-07T23:17:47.574955,estk_ee6d6eebbcb927ca7a763361bd2f9a08,evt_ee6d6eebbcb927ca,Joel Embiid,NBA,46.09,38.09,6.75,0.32,10.4600,11.6700,11.7300,8.9200
$150 NBA Daily 8/7,2020-08-07T23:17:47.574996,estk_ee6d6eebbcb927caf6c7d554d2fa9f75,evt_ee6d6eebbcb927ca,Nikola Vucevic,NBA,37.67,37.87,12.25,0.32,10.0000,8.2100,12.4100,8.9900
$150 NBA Daily 8/7,2020-08-07T23:17:47.575019,estk_ee6d6eebbcb927ca77c3d3d4d8ad15c5,evt_ee6d6eebbcb927ca,Tobias Harris,NBA,29.74,33.97,13.75,0.32,7.1400,5.6700,8.2900,
$150 NBA Daily 8/7,2020-08-07T23:17:47.575030,estk_ee6d6eebbcb927ca63a58b55849249a4,evt_ee6d6eebbcb927ca,Al Horford,NBA,29.03,31.74,12,0.32,6.6500,5.4700,8.7300,5.8800
$150 NBA Daily 8/7,2020-08-07T23:17:47.575076,estk_ee6d6eebbcb927caa1e25447b314f889,evt_ee6d6eebbcb927ca,Shake Milton,NBA,20.67,23.56,9.5,0.32,3.5700,3.3400,5.3400,2.7600
$150 NBA Daily 8/7,2020-08-07T23:17:47.575094,estk_ee6d6eebbcb927ca58d79b9f2662f624,evt_ee6d6eebbcb927ca,Evan Fournier,NBA,22.97,20.12,4.5,0.32,2.7100,5.3700,4.4700,1.9500
$150 NBA Daily 8/7,2020-08-07T23:17:47.575105,estk_ee6d6eebbcb927cab3147c681557a264,evt_ee6d6eebbcb927ca,Josh Richardson,NBA,23.09,19.7,4,0.32,2.6400,4.8300,4.1900,1.8200
$150 NBA Daily 8/7,2020-08-07T23:17:47.575109,estk_ee6d6eebbcb927caf95aa87cc77383be,evt_ee6d6eebbcb927ca,Markelle Fultz,NBA,17.25,19.23,7.5,0.32,2.5800,2.8400,3.6100,1.0300
$150 NBA Daily 8/7,2020-08-07T23:17:47.575120,estk_ee6d6eebbcb927ca7d8f05cf2dd6dbea,evt_ee6d6eebbcb927ca,D.J. Augustin,NBA,19.57,17.06,3.75,0.32,2.1400,3.8000,4.0300,1.3500
$150 NBA Daily 8/7,2020-08-07T23:17:47.575124,estk_ee6d6eebbcb927ca5684a141296027b3,evt_ee6d6eebbcb927ca,James Ennis,NBA,14.35,16.76,7,0.32,2.0700,3.7700,3.6900,
$150 NBA Daily 8/7,2020-08-07T23:17:47.575135,estk_ee6d6eebbcb927ca663b3162753394ed,evt_ee6d6eebbcb927ca,Terrence Ross,NBA,21.69,13,-1.75,0.32,1.6100,3.5200,3.8500,
$150 NBA Daily 8/7,2020-08-07T23:17:47.575139,estk_ee6d6eebbcb927ca89a4b98163393691,evt_ee6d6eebbcb927ca,Raul Neto,NBA,15.81,10.75,0,0.32,1.4100,3.4300,3.4300,
$150 NBA Daily 8/7,2020-08-07T23:17:47.575142,estk_ee6d6eebbcb927ca8b0372db86dba9af,evt_ee6d6eebbcb927ca,Furkan Korkmaz,NBA,14.71,10,0,0.32,1.3600,2.4900,3.2200,
$150 NBA Daily 8/7,2020-08-07T23:17:47.575146,estk_ee6d6eebbcb927ca92bc30f31e413420,evt_ee6d6eebbcb927ca,Matisse Thybulle,NBA,11.92,10.11,2,0.32,1.3600,2.9100,2.9100,
$150 NBA Daily 8/7,2020-08-07T23:17:47.575150,estk_ee6d6eebbcb927ca55086ea38656fe99,evt_ee6d6eebbcb927ca,Aaron Gordon,NBA,0,0,0,0.32,1.0000,2.5200,2.5200,
$150 NBA Daily 8/7,2020-08-07T23:17:47.575154,estk_ee6d6eebbcb927cafcc6299cf30b55e3,evt_ee6d6eebbcb927ca,Ben Simmons,NBA,0,0,0,0.32,1.0000,2.5200,2.5200,
$150 NBA Daily 8/7,2020-08-07T23:17:47.575161,estk_ee6d6eebbcb927ca5a3d5db921064e90,evt_ee6d6eebbcb927ca,Michael Carter-Williams,NBA,0,0,0,0.32,1.0000,2.5200,2.5200,
$150 NBA Daily 8/7,2020-08-07T23:18:48.296241,estk_ee6d6eebbcb927ca7a763361bd2f9a08,evt_ee6d6eebbcb927ca,Joel Embiid,NBA,46.09,38.88,8,0.33,9.9400,11.6700,11.7300,8.9200
$150 NBA Daily 8/7,2020-08-07T23:18:48.296247,estk_ee6d6eebbcb927caf6c7d554d2fa9f75,evt_ee6d6eebbcb927ca,Nikola Vucevic,NBA,37.67,37.49,12.25,0.33,9.7000,8.2100,11.3900,8.0100
$150 NBA Daily 8/7,2020-08-07T23:18:48.296262,estk_ee6d6eebbcb927ca77c3d3d4d8ad15c5,evt_ee6d6eebbcb927ca,Tobias Harris,NBA,29.74,33.18,13.25,0.33,7.6500,5.6700,9.3000,5.5000
$150 NBA Daily 8/7,2020-08-07T23:18:48.296284,estk_ee6d6eebbcb927ca63a58b55849249a4,evt_ee6d6eebbcb927ca,Al Horford,NBA,29.03,31.45,12,0.33,6.5400,5.4700,8.1800,5.5000
$150 NBA Daily 8/7,2020-08-07T23:18:48.296331,estk_ee6d6eebbcb927caa1e25447b314f889,evt_ee6d6eebbcb927ca,Shake Milton,NBA,20.67,23.35,9.5,0.33,3.5100,3.3400,5.3400,2.6900
$150 NBA Daily 8/7,2020-08-07T23:18:48.296345,estk_ee6d6eebbcb927ca58d79b9f2662f624,evt_ee6d6eebbcb927ca,Evan Fournier,NBA,22.97,19.89,4.5,0.33,2.6900,5.3700,4.1900,1.7000
$150 NBA Daily 8/7,2020-08-07T23:18:48.296353,estk_ee6d6eebbcb927cab3147c681557a264,evt_ee6d6eebbcb927ca,Josh Richardson,NBA,23.09,19.47,4,0.33,2.5700,4.8300,4.1000,1.8200
$150 NBA Daily 8/7,2020-08-07T23:18:48.296356,estk_ee6d6eebbcb927caf95aa87cc77383be,evt_ee6d6eebbcb927ca,Markelle Fultz,NBA,17.25,19.06,7.5,0.33,2.4900,3.6100,3.6100,1.0300
$150 NBA Daily 8/7,2020-08-07T23:18:48.296367,estk_ee6d6eebbcb927ca7d8f05cf2dd6dbea,evt_ee6d6eebbcb927ca,D.J. Augustin,NBA,19.57,16.86,3.75,0.33,2.1100,3.8000,4.0300,1.2900
$150 NBA Daily 8/7,2020-08-07T23:18:48.296371,estk_ee6d6eebbcb927ca5684a141296027b3,evt_ee6d6eebbcb927ca,James Ennis,NBA,14.35,16.61,7,0.33,2.0400,3.7700,3.6900,
$150 NBA Daily 8/7,2020-08-07T23:18:48.296382,estk_ee6d6eebbcb927ca663b3162753394ed,evt_ee6d6eebbcb927ca,Terrence Ross,NBA,21.69,12.28,-2.25,0.33,1.6000,3.5200,3.1100,
$150 NBA Daily 8/7,2020-08-07T23:18:48.296386,estk_ee6d6eebbcb927ca89a4b98163393691,evt_ee6d6eebbcb927ca,Raul Neto,NBA,15.81,10.59,0,0.33,1.4000,3.4300,2.9300,
$150 NBA Daily 8/7,2020-08-07T23:18:48.296390,estk_ee6d6eebbcb927ca92bc30f31e413420,evt_ee6d6eebbcb927ca,Matisse Thybulle,NBA,11.92,9.99,2,0.33,1.3600,2.9100,2.9100,
$150 NBA Daily 8/7,2020-08-07T23:18:48.296394,estk_ee6d6eebbcb927ca8b0372db86dba9af,evt_ee6d6eebbcb927ca,Furkan Korkmaz,NBA,14.71,9.86,0,0.33,1.3500,2.4900,3.2200,
$150 NBA Daily 8/7,2020-08-07T23:18:48.296397,estk_ee6d6eebbcb927ca55086ea38656fe99,evt_ee6d6eebbcb927ca,Aaron Gordon,NBA,0,0,0,0.33,1.0000,2.5200,2.5200,
$150 NBA Daily 8/7,2020-08-07T23:18:48.296401,estk_ee6d6eebbcb927cafcc6299cf30b55e3,evt_ee6d6eebbcb927ca,Ben Simmons,NBA,0,0,0,0.33,1.0000,2.5200,2.5200,
$150 NBA Daily 8/7,2020-08-07T23:18:48.296409,estk_ee6d6eebbcb927ca5a3d5db921064e90,evt_ee6d6eebbcb927ca,Michael Carter-Williams,NBA,0,0,0,0.33,1.0000,2.5200,2.5200,
$150 NBA Daily 8/7,2020-08-07T23:19:48.890359,estk_ee6d6eebbcb927ca7a763361bd2f9a08,evt_ee6d6eebbcb927ca,Joel Embiid,NBA,46.09,38.75,9.25,0.36,10.4300,11.6700,11.7300,8.9200
$150 NBA Daily 8/7,2020-08-07T23:19:48.890396,estk_ee6d6eebbcb927caf6c7d554d2fa9f75,evt_ee6d6eebbcb927ca,Nikola Vucevic,NBA,37.67,35.86,11.75,0.36,9.6300,8.2100,11.3900,8.0100
$150 NBA Daily 8/7,2020-08-07T23:19:48.890415,estk_ee6d6eebbcb927ca77c3d3d4d8ad15c5,evt_ee6d6eebbcb927ca,Tobias Harris,NBA,29.74,33.78,14.75,0.36,7.2300,5.6700,9.3000,5.5000
$150 NBA Daily 8/7,2020-08-07T23:19:48.890436,estk_ee6d6eebbcb927ca63a58b55849249a4,evt_ee6d6eebbcb927ca,Al Horford,NBA,29.03,30.58,12,0.36,6.3800,5.4700,8.1700,5.5000
$150 NBA Daily 8/7,2020-08-07T23:19:48.890477,estk_ee6d6eebbcb927caa1e25447b314f889,evt_ee6d6eebbcb927ca,Shake Milton,NBA,20.67,22.73,9.5,0.36,3.4400,3.3400,5.3400,2.1800
$150 NBA Daily 8/7,2020-08-07T23:19:48.890495,estk_ee6d6eebbcb927ca58d79b9f2662f624,evt_ee6d6eebbcb927ca,Evan Fournier,NBA,22.97,19.2,4.5,0.36,2.6200,5.3700,4.1900,1.7000
$150 NBA Daily 8/7,2020-08-07T23:19:48.890499,estk_ee6d6eebbcb927cab3147c681557a264,evt_ee6d6eebbcb927ca,Josh Richardson,NBA,23.09,18.78,4,0.36,2.5300,4.8300,4.1000,1.8200
$150 NBA Daily 8/7,2020-08-07T23:19:48.890506,estk_ee6d6eebbcb927caf95aa87cc77383be,evt_ee6d6eebbcb927ca,Markelle Fultz,NBA,17.25,19.79,8.75,0.36,2.4500,3.6100,3.6100,1.0300
$150 NBA Daily 8/7,2020-08-07T23:19:48.890513,estk_ee6d6eebbcb927ca7d8f05cf2dd6dbea,evt_ee6d6eebbcb927ca,D.J. Augustin,NBA,19.57,16.27,3.75,0.36,2.0700,3.8000,3.6500,1.2900
$150 NBA Daily 8/7,2020-08-07T23:19:48.890517,estk_ee6d6eebbcb927ca5684a141296027b3,evt_ee6d6eebbcb927ca,James Ennis,NBA,14.35,16.18,7,0.36,2.0200,3.7700,3.6900,
$150 NBA Daily 8/7,2020-08-07T23:19:48.890527,estk_ee6d6eebbcb927ca663b3162753394ed,evt_ee6d6eebbcb927ca,Terrence Ross,NBA,21.69,12.88,-1,0.36,1.5300,3.5200,3.1100,
$150 NBA Daily 8/7,2020-08-07T23:19:48.890535,estk_ee6d6eebbcb927ca89a4b98163393691,evt_ee6d6eebbcb927ca,Raul Neto,NBA,15.81,10.12,0,0.36,1.3800,3.4300,2.9300,
$150 NBA Daily 8/7,2020-08-07T23:19:48.890539,estk_ee6d6eebbcb927ca92bc30f31e413420,evt_ee6d6eebbcb927ca,Matisse Thybulle,NBA,11.92,9.63,2,0.36,1.3400,2.9100,2.9100,
$150 NBA Daily 8/7,2020-08-07T23:19:48.890543,estk_ee6d6eebbcb927ca8b0372db86dba9af,evt_ee6d6eebbcb927ca,Furkan Korkmaz,NBA,14.71,9.41,0,0.36,1.3200,2.4900,3.2200,
$150 NBA Daily 8/7,2020-08-07T23:19:48.890547,estk_ee6d6eebbcb927ca55086ea38656fe99,evt_ee6d6eebbcb927ca,Aaron Gordon,NBA,0,0,0,0.36,1.0000,2.5200,2.5200,
$150 NBA Daily 8/7,2020-08-07T23:19:48.890551,estk_ee6d6eebbcb927cafcc6299cf30b55e3,evt_ee6d6eebbcb927ca,Ben Simmons,NBA,0,0,0,0.36,1.0000,2.5200,2.5200,
$150 NBA Daily 8/7,2020-08-07T23:19:48.890558,estk_ee6d6eebbcb927ca5a3d5db921064e90,evt_ee6d6eebbcb927ca,Michael Carter-Williams,NBA,0,0,0,0.36,1.0000,2.5200,2.5200,
$150 NBA Daily 8/7,2020-08-07T23:23:51.330864,estk_ee6d6eebbcb927ca7a763361bd2f9a08,evt_ee6d6eebbcb927ca,Joel Embiid,NBA,46.09,38.29,9.25,0.37,10.4000,11.6700,11.7300,8.9200
$150 NBA Daily 8/7,2020-08-07T23:23:51.330883,estk_ee6d6eebbcb927caf6c7d554d2fa9f75,evt_ee6d6eebbcb927ca,Nikola Vucevic,NBA,37.67,35.48,11.75,0.37,8.7500,8.2100,10.3600,7.0300
$150 NBA Daily 8/7,2020-08-07T23:23:51.330890,estk_ee6d6eebbcb927ca77c3d3d4d8ad15c5,evt_ee6d6eebbcb927ca,Tobias Harris,NBA,29.74,34.99,16.25,0.37,7.6100,5.6700,9.3000,6.0100
$150 NBA Daily 8/7,2020-08-07T23:23:51.330920,estk_ee6d6eebbcb927ca63a58b55849249a4,evt_ee6d6eebbcb927ca,Al Horford,NBA,29.03,31.79,13.5,0.37,6.0000,5.4700,7.6600,5.0300
$150 NBA Daily 8/7,2020-08-07T23:23:51.330966,estk_ee6d6eebbcb927caa1e25447b314f889,evt_ee6d6eebbcb927ca,Shake Milton,NBA,20.67,22.52,9.5,0.37,3.2700,3.3400,4.8200,2.1800
$150 NBA Daily 8/7,2020-08-07T23:23:51.330981,estk_ee6d6eebbcb927caf95aa87cc77383be,evt_ee6d6eebbcb927ca,Markelle Fultz,NBA,17.25,19.62,8.75,0.37,2.5900,4.0200,4.0200,1.0300
$150 NBA Daily 8/7,2020-08-07T23:23:51.330988,estk_ee6d6eebbcb927ca58d79b9f2662f624,evt_ee6d6eebbcb927ca,Evan Fournier,NBA,22.97,23.72,9.25,0.37,2.4400,3.9900,3.9900,1.3500
$150 NBA Daily 8/7,2020-08-07T23:23:51.330992,estk_ee6d6eebbcb927cab3147c681557a264,evt_ee6d6eebbcb927ca,Josh Richardson,NBA,23.09,18.55,4,0.37,2.3600,4.1000,3.9000,1.2800
$150 NBA Daily 8/7,2020-08-07T23:23:51.331003,estk_ee6d6eebbcb927ca7d8f05cf2dd6dbea,evt_ee6d6eebbcb927ca,D.J. Augustin,NBA,19.57,16.08,3.75,0.37,1.9700,3.4800,3.4800,1.1400
$150 NBA Daily 8/7,2020-08-07T23:23:51.331007,estk_ee6d6eebbcb927ca5684a141296027b3,evt_ee6d6eebbcb927ca,James Ennis,NBA,14.35,16.04,7,0.37,1.9500,3.7700,3.6900,
$150 NBA Daily 8/7,2020-08-07T23:23:51.331014,estk_ee6d6eebbcb927ca663b3162753394ed,evt_ee6d6eebbcb927ca,Terrence Ross,NBA,21.69,12.66,-1,0.37,1.5500,3.5200,3.1100,
$150 NBA Daily 8/7,2020-08-07T23:23:51.331018,estk_ee6d6eebbcb927ca89a4b98163393691,evt_ee6d6eebbcb927ca,Raul Neto,NBA,15.81,9.96,0,0.37,1.3400,3.4300,2.9300,
$150 NBA Daily 8/7,2020-08-07T23:23:51.331021,estk_ee6d6eebbcb927ca92bc30f31e413420,evt_ee6d6eebbcb927ca,Matisse Thybulle,NBA,11.92,9.51,2,0.37,1.3000,2.9100,2.9100,
$150 NBA Daily 8/7,2020-08-07T23:23:51.331025,estk_ee6d6eebbcb927ca8b0372db86dba9af,evt_ee6d6eebbcb927ca,Furkan Korkmaz,NBA,14.71,9.27,0,0.37,1.2900,2.4900,3.2200,
$150 NBA Daily 8/7,2020-08-07T23:23:51.331029,estk_ee6d6eebbcb927ca55086ea38656fe99,evt_ee6d6eebbcb927ca,Aaron Gordon,NBA,0,0,0,0.37,1.0000,2.5200,2.5200,
$150 NBA Daily 8/7,2020-08-07T23:23:51.331033,estk_ee6d6eebbcb927cafcc6299cf30b55e3,evt_ee6d6eebbcb927ca,Ben Simmons,NBA,0,0,0,0.37,1.0000,2.5200,2.5200,
$150 NBA Daily 8/7,2020-08-07T23:23:51.331040,estk_ee6d6eebbcb927ca5a3d5db921064e90,evt_ee6d6eebbcb927ca,Michael Carter-Williams,NBA,0,0,0,0.37,1.0000,2.5200,2.5200,
$150 NBA Daily 8/7,2020-08-07T23:25:52.623789,estk_ee6d6eebbcb927ca7a763361bd2f9a08,evt_ee6d6eebbcb927ca,Joel Embiid,NBA,46.09,37.83,9.25,0.38,10.1300,11.6700,11.7300,8.9200
$150 NBA Daily 8/7,2020-08-07T23:25:52.623801,estk_ee6d6eebbcb927caf6c7d554d2fa9f75,evt_ee6d6eebbcb927ca,Nikola Vucevic,NBA,37.67,35.11,11.75,0.38,8.4500,8.2100,10.3600,7.0300
$150 NBA Daily 8/7,2020-08-07T23:25:52.623805,estk_ee6d6eebbcb927ca77c3d3d4d8ad15c5,evt_ee6d6eebbcb927ca,Tobias Harris,NBA,29.74,37.94,19.5,0.38,8.1700,5.6700,9.8300,6.0100
$150 NBA Daily 8/7,2020-08-07T23:25:52.623831,estk_ee6d6eebbcb927ca63a58b55849249a4,evt_ee6d6eebbcb927ca,Al Horford,NBA,29.03,31.5,13.5,0.38,6.5700,5.4700,8.2000,5.0300
$150 NBA Daily 8/7,2020-08-07T23:25:52.623876,estk_ee6d6eebbcb927ca58d79b9f2662f624,evt_ee6d6eebbcb927ca,Evan Fournier,NBA,22.97,22.99,8.75,0.38,3.4500,3.9900,5.0200,1.3500
$150 NBA Daily 8/7,2020-08-07T23:25:52.623884,estk_ee6d6eebbcb927caa1e25447b314f889,evt_ee6d6eebbcb927ca,Shake Milton,NBA,20.67,22.32,9.5,0.38,3.1400,3.3400,4.8200,2.1800
$150 NBA Daily 8/7,2020-08-07T23:25:52.623902,estk_ee6d6eebbcb927caf95aa87cc77383be,evt_ee6d6eebbcb927ca,Markelle Fultz,NBA,17.25,19.45,8.75,0.38,2.4900,4.0200,4.0200,1.0300
$150 NBA Daily 8/7,2020-08-07T23:25:52.623909,estk_ee6d6eebbcb927cab3147c681557a264,evt_ee6d6eebbcb927ca,Josh Richardson,NBA,23.09,20.32,6,0.38,2.2900,4.1000,3.9000,1.2800
$150 NBA Daily 8/7,2020-08-07T23:25:52.623916,estk_ee6d6eebbcb927ca7d8f05cf2dd6dbea,evt_ee6d6eebbcb927ca,D.J. Augustin,NBA,19.57,15.88,3.75,0.38,1.9000,3.4800,3.4800,1.1100
$150 NBA Daily 8/7,2020-08-07T23:25:52.623920,estk_ee6d6eebbcb927ca5684a141296027b3,evt_ee6d6eebbcb927ca,James Ennis,NBA,14.35,15.9,7,0.38,1.8800,3.7700,3.6900,
$150 NBA Daily 8/7,2020-08-07T23:25:52.623927,estk_ee6d6eebbcb927ca663b3162753394ed,evt_ee6d6eebbcb927ca,Terrence Ross,NBA,21.69,12.45,-1,0.38,1.5100,3.5200,3.1100,
$150 NBA Daily 8/7,2020-08-07T23:25:52.623931,estk_ee6d6eebbcb927ca89a4b98163393691,evt_ee6d6eebbcb927ca,Raul Neto,NBA,15.81,9.8,0,0.38,1.3200,3.4300,2.9300,
$150 NBA Daily 8/7,2020-08-07T23:25:52.623935,estk_ee6d6eebbcb927ca92bc30f31e413420,evt_ee6d6eebbcb927ca,Matisse Thybulle,NBA,11.92,9.39,2,0.38,1.2800,2.9100,2.9100,
$150 NBA Daily 8/7,2020-08-07T23:25:52.623939,estk_ee6d6eebbcb927ca8b0372db86dba9af,evt_ee6d6eebbcb927ca,Furkan Korkmaz,NBA,14.71,8.62,-0.5,0.38,1.2600,2.4900,3.2200,
$150 NBA Daily 8/7,2020-08-07T23:25:52.623942,estk_ee6d6eebbcb927ca55086ea38656fe99,evt_ee6d6eebbcb927ca,Aaron Gordon,NBA,0,0,0,0.38,1.0000,2.5200,2.5200,
$150 NBA Daily 8/7,2020-08-07T23:25:52.623946,estk_ee6d6eebbcb927cafcc6299cf30b55e3,evt_ee6d6eebbcb927ca,Ben Simmons,NBA,0,0,0,0.38,1.0000,2.5200,2.5200,
$150 NBA Daily 8/7,2020-08-07T23:25:52.623954,estk_ee6d6eebbcb927ca5a3d5db921064e90,evt_ee6d6eebbcb927ca,Michael Carter-Williams,NBA,0,0,0,0.38,1.0000,2.5200,2.5200,
$150 NBA Daily 8/7,2020-08-07T23:29:55.331115,estk_ee6d6eebbcb927ca77c3d3d4d8ad15c5,evt_ee6d6eebbcb927ca,Tobias Harris,NBA,29.74,37.14,19,0.39,9.7600,5.6700,11.4900,8.0700
$150 NBA Daily 8/7,2020-08-07T23:29:55.331120,estk_ee6d6eebbcb927ca7a763361bd2f9a08,evt_ee6d6eebbcb927ca,Joel Embiid,NBA,46.09,37.36,9.25,0.39,9.7200,11.6700,11.7300,8.6900
$150 NBA Daily 8/7,2020-08-07T23:29:55.331132,estk_ee6d6eebbcb927caf6c7d554d2fa9f75,evt_ee6d6eebbcb927ca,Nikola Vucevic,NBA,37.67,34.23,11.25,0.39,8.1700,8.2100,9.8000,7.0300
$150 NBA Daily 8/7,2020-08-07T23:29:55.331161,estk_ee6d6eebbcb927ca63a58b55849249a4,evt_ee6d6eebbcb927ca,Al Horford,NBA,29.03,30.71,13,0.39,6.4000,5.4700,8.2000,5.0200
$150 NBA Daily 8/7,2020-08-07T23:29:55.331207,estk_ee6d6eebbcb927ca58d79b9f2662f624,evt_ee6d6eebbcb927ca,Evan Fournier,NBA,22.97,22.76,8.75,0.39,3.2600,5.0200,4.7900,1.6800
$150 NBA Daily 8/7,2020-08-07T23:29:55.331214,estk_ee6d6eebbcb927caa1e25447b314f889,evt_ee6d6eebbcb927ca,Shake Milton,NBA,20.67,22.11,9.5,0.39,3.0800,4.8200,4.6400,2.1800
$150 NBA Daily 8/7,2020-08-07T23:29:55.331225,estk_ee6d6eebbcb927cab3147c681557a264,evt_ee6d6eebbcb927ca,Josh Richardson,NBA,23.09,20.08,6,0.39,2.6000,4.1000,3.9000,1.2800
$150 NBA Daily 8/7,2020-08-07T23:29:55.331232,estk_ee6d6eebbcb927caf95aa87cc77383be,evt_ee6d6eebbcb927ca,Markelle Fultz,NBA,17.25,22.52,12,0.39,2.4400,4.0200,3.9800,1.0300
$150 NBA Daily 8/7,2020-08-07T23:29:55.331243,estk_ee6d6eebbcb927ca7d8f05cf2dd6dbea,evt_ee6d6eebbcb927ca,D.J. Augustin,NBA,19.57,15.69,3.75,0.39,1.8500,3.4800,3.4800,
$150 NBA Daily 8/7,2020-08-07T23:29:55.331247,estk_ee6d6eebbcb927ca5684a141296027b3,evt_ee6d6eebbcb927ca,James Ennis,NBA,14.35,15.75,7,0.39,1.8500,3.7700,3.6900,
$150 NBA Daily 8/7,2020-08-07T23:29:55.331254,estk_ee6d6eebbcb927ca663b3162753394ed,evt_ee6d6eebbcb927ca,Terrence Ross,NBA,21.69,12.23,-1,0.39,1.4700,3.1100,3.0100,
$150 NBA Daily 8/7,2020-08-07T23:29:55.331258,estk_ee6d6eebbcb927ca89a4b98163393691,evt_ee6d6eebbcb927ca,Raul Neto,NBA,15.81,9.64,0,0.39,1.2900,2.9300,2.8300,
$150 NBA Daily 8/7,2020-08-07T23:29:55.331262,estk_ee6d6eebbcb927ca92bc30f31e413420,evt_ee6d6eebbcb927ca,Matisse Thybulle,NBA,11.92,9.27,2,0.39,1.2700,2.9100,2.8000,
$150 NBA Daily 8/7,2020-08-07T23:29:55.331266,estk_ee6d6eebbcb927ca8b0372db86dba9af,evt_ee6d6eebbcb927ca,Furkan Korkmaz,NBA,14.71,8.47,-0.5,0.39,1.2300,3.2200,2.7500,
$150 NBA Daily 8/7,2020-08-07T23:29:55.331269,estk_ee6d6eebbcb927ca55086ea38656fe99,evt_ee6d6eebbcb927ca,Aaron Gordon,NBA,0,0,0,0.39,1.0000,2.5200,2.5200,
$150 NBA Daily 8/7,2020-08-07T23:29:55.331274,estk_ee6d6eebbcb927cafcc6299cf30b55e3,evt_ee6d6eebbcb927ca,Ben Simmons,NBA,0,0,0,0.39,1.0000,2.5200,2.5200,
$150 NBA Daily 8/7,2020-08-07T23:29:55.331281,estk_ee6d6eebbcb927ca5a3d5db921064e90,evt_ee6d6eebbcb927ca,Michael Carter-Williams,NBA,0,0,0,0.39,1.0000,2.5200,2.5200,
$150 NBA Daily 8/7,2020-08-07T23:30:56.066709,estk_ee6d6eebbcb927ca77c3d3d4d8ad15c5,evt_ee6d6eebbcb927ca,Tobias Harris,NBA,29.74,36.84,19,0.4,9.7600,5.6700,11.4900,8.0700
$150 NBA Daily 8/7,2020-08-07T23:30:56.066715,estk_ee6d6eebbcb927ca7a763361bd2f9a08,evt_ee6d6eebbcb927ca,Joel Embiid,NBA,46.09,36.9,9.25,0.4,9.7200,11.6700,11.7300,8.6900
$150 NBA Daily 8/7,2020-08-07T23:30:56.066727,estk_ee6d6eebbcb927caf6c7d554d2fa9f75,evt_ee6d6eebbcb927ca,Nikola Vucevic,NBA,37.67,35.1,12.5,0.4,8.1700,8.2100,9.8000,7.0300
$150 NBA Daily 8/7,2020-08-07T23:30:56.066756,estk_ee6d6eebbcb927ca63a58b55849249a4,evt_ee6d6eebbcb927ca,Al Horford,NBA,29.03,30.42,13,0.4,6.4000,5.4700,8.2000,5.0200
$150 NBA Daily 8/7,2020-08-07T23:30:56.066802,estk_ee6d6eebbcb927ca58d79b9f2662f624,evt_ee6d6eebbcb927ca,Evan Fournier,NBA,22.97,22.53,8.75,0.4,3.2600,5.0200,4.7900,1.6800
$150 NBA Daily 8/7,2020-08-07T23:30:56.066809,estk_ee6d6eebbcb927caa1e25447b314f889,evt_ee6d6eebbcb927ca,Shake Milton,NBA,20.67,23.9,11.5,0.4,3.0800,4.8200,4.6400,2.1800
$150 NBA Daily 8/7,2020-08-07T23:30:56.066820,estk_ee6d6eebbcb927cab3147c681557a264,evt_ee6d6eebbcb927ca,Josh Richardson,NBA,23.09,19.85,6,0.4,2.6000,4.1000,3.9000,1.2800
$150 NBA Daily 8/7,2020-08-07T23:30:56.066827,estk_ee6d6eebbcb927caf95aa87cc77383be,evt_ee6d6eebbcb927ca,Markelle Fultz,NBA,17.25,22.35,12,0.4,2.4400,4.0200,3.9800,1.0300
$150 NBA Daily 8/7,2020-08-07T23:30:56.066838,estk_ee6d6eebbcb927ca7d8f05cf2dd6dbea,evt_ee6d6eebbcb927ca,D.J. Augustin,NBA,19.57,15.49,3.75,0.4,1.8500,3.4800,3.4800,
$150 NBA Daily 8/7,2020-08-07T23:30:56.066842,estk_ee6d6eebbcb927ca5684a141296027b3,evt_ee6d6eebbcb927ca,James Ennis,NBA,14.35,15.61,7,0.4,1.8500,3.7700,3.6900,
$150 NBA Daily 8/7,2020-08-07T23:30:56.066849,estk_ee6d6eebbcb927ca663b3162753394ed,evt_ee6d6eebbcb927ca,Terrence Ross,NBA,21.69,12.01,-1,0.4,1.4700,3.1100,3.0100,
$150 NBA Daily 8/7,2020-08-07T23:30:56.066853,estk_ee6d6eebbcb927ca89a4b98163393691,evt_ee6d6eebbcb927ca,Raul Neto,NBA,15.81,9.49,0,0.4,1.2900,2.9300,2.8300,
