name,time,id,event_id,stock_name,sector,fantasy_points_projected,fantasy_points_projected_live,fantasy_points_scored,amount_completed,estimated_price,last_price,ask_price,bid_price
$2K Northern Trust,2020-08-18T16:04:41.259005,estk_f44a29e40ad18658f659aa7b5b2176ee,evt_f44a29e40ad18658,Collin Morikawa,PGA,78.58,,,,10.6900,1.0100,,
$2K Northern Trust,2020-08-18T16:04:41.259035,estk_f44a29e40ad18658077d445dd9eef8da,evt_f44a29e40ad18658,Patrick Cantlay,PGA,77.93,,,,10.2600,1.0200,,
$2K Northern Trust,2020-08-18T16:04:41.259040,estk_f44a29e40ad18658503f60443b3bd112,evt_f44a29e40ad18658,Webb Simpson,PGA,76.61,,,,9.5800,1.0100,,
$2K Northern Trust,2020-08-18T16:04:41.259045,estk_f44a29e40ad18658f40801c5943c8d94,evt_f44a29e40ad18658,Jon Rahm,PGA,75.84,,,,9.0900,1.0100,,
$2K Northern Trust,2020-08-18T16:04:41.259049,estk_f44a29e40ad1865803fcb99bd098267b,evt_f44a29e40ad18658,Patrick Reed,PGA,75.5,,,,8.9300,1.0100,,
$2K Northern Trust,2020-08-18T16:04:41.259054,estk_f44a29e40ad18658385c664e153f199a,evt_f44a29e40ad18658,Rory McIlroy,PGA,74.87,,,,8.5400,1.0100,,
$2K Northern Trust,2020-08-18T16:04:41.259058,estk_f44a29e40ad18658e0b5b2fc83a00c65,evt_f44a29e40ad18658,Gary Woodland,PGA,74.87,,,,8.5400,1.0100,,
$2K Northern Trust,2020-08-18T16:04:41.259061,estk_f44a29e40ad18658d11048af6a9aa9e4,evt_f44a29e40ad18658,Bryson DeChambeau,PGA,74.79,,,,8.4800,1.0100,,
$2K Northern Trust,2020-08-18T16:04:41.259065,estk_f44a29e40ad186586e48ec89ea29f9f8,evt_f44a29e40ad18658,Justin Thomas,PGA,74.23,,,,8.2300,,,
$2K Northern Trust,2020-08-18T16:04:41.259069,estk_f44a29e40ad186588eb46850755a695e,evt_f44a29e40ad18658,Xander Schauffele,PGA,73.96,,,,8.0400,1.0100,,
$2K Northern Trust,2020-08-18T16:04:41.259072,estk_f44a29e40ad1865830ccd165c4aa611d,evt_f44a29e40ad18658,Brooks Koepka,PGA,73.69,,,,7.9200,1.0100,,
$2K Northern Trust,2020-08-18T16:04:41.259076,estk_f44a29e40ad18658514f8f232f286c88,evt_f44a29e40ad18658,Tiger Woods,PGA,72.43,,,,7.2900,1.0100,,
$2K Northern Trust,2020-08-18T16:04:41.259080,estk_f44a29e40ad18658ecdd9ee6a8267442,evt_f44a29e40ad18658,Abraham Ancer,PGA,72.44,,,,7.2600,1.0100,,
$2K Northern Trust,2020-08-18T16:04:41.259084,estk_f44a29e40ad18658db5881f101cec470,evt_f44a29e40ad18658,Justin Rose,PGA,72.15,,,,7.1400,1.0100,,
$2K Northern Trust,2020-08-18T16:04:41.259087,estk_f44a29e40ad18658c2291b803160b17e,evt_f44a29e40ad18658,Daniel Berger,PGA,71.55,,,,6.8600,1.0100,,
$2K Northern Trust,2020-08-18T16:04:41.259091,estk_f44a29e40ad18658fe200133ec8a6c41,evt_f44a29e40ad18658,Tyrrell Hatton,PGA,71.22,,,,6.7300,1.0100,,
$2K Northern Trust,2020-08-18T16:04:41.259095,estk_f44a29e40ad18658d84407620d2d9cf0,evt_f44a29e40ad18658,Tony Finau,PGA,71.23,,,,6.7000,1.0100,,
$2K Northern Trust,2020-08-18T16:04:41.259099,estk_f44a29e40ad186586db374755563ce83,evt_f44a29e40ad18658,Bubba Watson,PGA,70.83,,,,6.5100,1.0100,,
$2K Northern Trust,2020-08-18T16:04:41.259102,estk_f44a29e40ad1865833ae0bbc78db2949,evt_f44a29e40ad18658,Dustin Johnson,PGA,70.22,,,,6.2200,1.0100,,
$2K Northern Trust,2020-08-18T16:04:41.259106,estk_f44a29e40ad186583116b24358a8f507,evt_f44a29e40ad18658,Louis Oosthuizen,PGA,69.85,,,,6.0500,,,
$2K Northern Trust,2020-08-18T16:04:41.259110,estk_f44a29e40ad18658527c5abfc1093b26,evt_f44a29e40ad18658,Hideki Matsuyama,PGA,69.53,,,,5.9200,1.0000,,
$2K Northern Trust,2020-08-18T16:04:41.259114,estk_f44a29e40ad186589cb9fc3fe55be3c0,evt_f44a29e40ad18658,Adam Scott,PGA,69.44,,,,5.9000,1.0100,,
$2K Northern Trust,2020-08-18T16:04:41.259118,estk_f44a29e40ad18658a8b79a109f7cf8a2,evt_f44a29e40ad18658,Byeong Hun An,PGA,68.97,,,,5.6700,1.0100,,
$2K Northern Trust,2020-08-18T16:04:41.259121,estk_f44a29e40ad18658dc1e23aa4cb30164,evt_f44a29e40ad18658,Marc Leishman,PGA,68.7,,,,5.6200,1.0000,,
$2K Northern Trust,2020-08-18T16:04:41.259125,estk_f44a29e40ad186582203f644cb3905c3,evt_f44a29e40ad18658,Jason Day,PGA,68.71,,,,5.5900,1.0100,,
$2K Northern Trust,2020-08-18T16:04:41.259128,estk_f44a29e40ad18658275b00a4c6134775,evt_f44a29e40ad18658,Rickie Fowler,PGA,68.49,,,,5.5000,1.0000,,
$2K Northern Trust,2020-08-18T16:04:41.259132,estk_f44a29e40ad18658a251d6b9cc0a07e5,evt_f44a29e40ad18658,Sungjae Im,PGA,68.48,,,,5.4700,1.0000,,
$2K Northern Trust,2020-08-18T16:04:41.259135,estk_f44a29e40ad18658bf5c4810745af2e6,evt_f44a29e40ad18658,Matthew Fitzpatrick,PGA,68.43,,,,5.4600,1.0000,,
$2K Northern Trust,2020-08-18T16:04:41.259139,estk_f44a29e40ad18658dda748b4200f22bf,evt_f44a29e40ad18658,Paul Casey,PGA,68.12,,,,5.3500,1.0100,,
$2K Northern Trust,2020-08-18T16:04:41.259143,estk_f44a29e40ad18658694b41dae4b8654f,evt_f44a29e40ad18658,Lucas Glover,PGA,68.1,,,,5.3300,1.0000,,
$2K Northern Trust,2020-08-18T16:04:41.259146,estk_f44a29e40ad186583d3360a6372e1b4e,evt_f44a29e40ad18658,Viktor Hovland,PGA,67.9,,,,5.2600,1.0100,,
$2K Northern Trust,2020-08-18T16:04:41.259150,estk_f44a29e40ad18658e84f621105202612,evt_f44a29e40ad18658,Matt Kuchar,PGA,67.91,,,,5.2500,1.0000,,
$2K Northern Trust,2020-08-18T16:04:41.259153,estk_f44a29e40ad186583cdf3e1e39472da5,evt_f44a29e40ad18658,Tommy Fleetwood,PGA,67.52,,,,5.0900,1.0000,,
$2K Northern Trust,2020-08-18T16:04:41.259157,estk_f44a29e40ad18658170130e9fa731e23,evt_f44a29e40ad18658,Jason Kokrak,PGA,67.39,,,,5.0900,1.0000,,
$2K Northern Trust,2020-08-18T16:04:41.259161,estk_f44a29e40ad186582ab98d8a9a770fd5,evt_f44a29e40ad18658,Jordan Spieth,PGA,67.41,,,,5.0700,1.0100,,
$2K Northern Trust,2020-08-18T16:04:41.259164,estk_f44a29e40ad1865856ab6ba90ba02e56,evt_f44a29e40ad18658,Joaquin Niemann,PGA,67.09,,,,4.9500,,,
$2K Northern Trust,2020-08-18T16:04:41.259169,estk_f44a29e40ad186581c0e9cf8ef9eccd9,evt_f44a29e40ad18658,Matthew Wolff,PGA,66.98,,,,4.9400,1.0100,,
$2K Northern Trust,2020-08-18T16:04:41.259173,estk_f44a29e40ad186586ef252b94400baa3,evt_f44a29e40ad18658,Adam Hadwin,PGA,66.89,,,,4.8500,1.0100,,
$2K Northern Trust,2020-08-18T16:04:41.259176,estk_f44a29e40ad186588e366112314840d7,evt_f44a29e40ad18658,Keegan Bradley,PGA,66.67,,,,4.8000,,,
$2K Northern Trust,2020-08-18T16:04:41.259180,estk_f44a29e40ad1865891386b499e2742a4,evt_f44a29e40ad18658,Ryan Moore,PGA,66.64,,,,4.7900,1.0000,,
$2K Northern Trust,2020-08-18T16:04:41.259183,estk_f44a29e40ad1865858f9d59b6d1e50b5,evt_f44a29e40ad18658,Kevin Streelman,PGA,66.55,,,,4.7400,1.0000,,
$2K Northern Trust,2020-08-18T16:04:41.259187,estk_f44a29e40ad186581fc545ba8ac8cb0b,evt_f44a29e40ad18658,Rory Sabbatini,PGA,66.15,,,,4.6200,,,
$2K Northern Trust,2020-08-18T16:04:41.259190,estk_f44a29e40ad186584e5af02280177635,evt_f44a29e40ad18658,Si Woo Kim,PGA,66.04,,,,4.5700,1.0100,,
$2K Northern Trust,2020-08-18T16:04:41.259203,estk_f44a29e40ad18658d8f0d69f88d3691a,evt_f44a29e40ad18658,Doc Redman,PGA,65.99,,,,4.5300,1.0100,,
$2K Northern Trust,2020-08-18T16:04:41.259207,estk_f44a29e40ad18658727afcd55bf28e15,evt_f44a29e40ad18658,Brandt Snedeker,PGA,65.76,,,,4.4900,1.0000,,
$2K Northern Trust,2020-08-18T16:04:41.259211,estk_f44a29e40ad18658439e82932be18fd4,evt_f44a29e40ad18658,Ian Poulter,PGA,65.01,,,,4.2200,1.0000,,
$2K Northern Trust,2020-08-18T16:04:41.259215,estk_f44a29e40ad186581ca8635140548cc5,evt_f44a29e40ad18658,Harris English,PGA,64.79,,,,4.1400,1.0000,,
$2K Northern Trust,2020-08-18T16:04:41.259219,estk_f44a29e40ad18658e71bc53e996275e5,evt_f44a29e40ad18658,Brian Gay,PGA,64.67,,,,4.0900,1.0000,,
$2K Northern Trust,2020-08-18T16:04:41.259223,estk_f44a29e40ad186587c4bd9c5a9725b31,evt_f44a29e40ad18658,Kevin Na,PGA,64.41,,,,4.0300,1.0100,,
$2K Northern Trust,2020-08-18T16:04:41.259227,estk_f44a29e40ad1865899495eb9a3c8aa25,evt_f44a29e40ad18658,Kevin Kisner,PGA,63.91,,,,3.8900,1.0100,,
$2K Northern Trust,2020-08-18T16:04:41.259230,estk_f44a29e40ad186583544479351e1ff63,evt_f44a29e40ad18658,Billy Horschel,PGA,63.88,,,,3.8400,1.0100,,
$2K Northern Trust,2020-08-18T16:04:41.259234,estk_f44a29e40ad18658467812ddab873919,evt_f44a29e40ad18658,J.T. Poston,PGA,63.77,,,,3.8200,1.0000,,
$2K Northern Trust,2020-08-18T16:04:41.259238,estk_f44a29e40ad18658f0b722aa359b7f95,evt_f44a29e40ad18658,Scott Piercy,PGA,63.7,,,,3.8000,1.0100,,
$2K Northern Trust,2020-08-18T16:04:41.259241,estk_f44a29e40ad186582f70583fd032316f,evt_f44a29e40ad18658,Max Homa,PGA,63.48,,,,3.7500,,,
$2K Northern Trust,2020-08-18T16:04:41.259245,estk_f44a29e40ad1865837a8104a8070199b,evt_f44a29e40ad18658,Ryan Armour,PGA,63.26,,,,3.6800,1.0100,,
$2K Northern Trust,2020-08-18T16:04:41.259248,estk_f44a29e40ad18658bdc437a37a2c4345,evt_f44a29e40ad18658,Patrick Rodgers,PGA,63.21,,,,3.6700,1.0000,,
$2K Northern Trust,2020-08-18T16:04:41.259252,estk_f44a29e40ad186587ab7cd0f0adea4a7,evt_f44a29e40ad18658,Cameron Smith,PGA,63.13,,,,3.6700,1.0000,,
$2K Northern Trust,2020-08-18T16:04:41.259255,estk_f44a29e40ad18658ff6618d36b623f5c,evt_f44a29e40ad18658,Scottie Scheffler,PGA,63.05,,,,3.6200,1.0000,,
$2K Northern Trust,2020-08-18T16:04:41.259259,estk_f44a29e40ad18658a5e32548021abe19,evt_f44a29e40ad18658,Chez Reavie,PGA,63.09,,,,3.6100,1.0000,,
$2K Northern Trust,2020-08-18T16:04:41.259264,estk_f44a29e40ad18658d826980e444dc049,evt_f44a29e40ad18658,Alex Noren,PGA,62.96,,,,3.5700,1.0000,,
$2K Northern Trust,2020-08-18T16:04:41.259267,estk_f44a29e40ad18658f8ddff16f2dbed28,evt_f44a29e40ad18658,Corey Conners,PGA,62.88,,,,3.5400,1.0000,,
$2K Northern Trust,2020-08-18T16:04:41.259271,estk_f44a29e40ad186581e0083f260619709,evt_f44a29e40ad18658,Sebastian Munoz,PGA,62.82,,,,3.5400,1.0000,,
$2K Northern Trust,2020-08-18T16:04:41.259275,estk_f44a29e40ad18658e3957215e84f7eab,evt_f44a29e40ad18658,Charles Howell III,PGA,62.6,,,,3.4900,1.0000,,
$2K Northern Trust,2020-08-18T16:04:41.259278,estk_f44a29e40ad186583a3fd2efe45d4190,evt_f44a29e40ad18658,Harold Varner III,PGA,62.44,,,,3.4700,1.0000,,
$2K Northern Trust,2020-08-18T16:04:41.259281,estk_f44a29e40ad186583f67e338f06084d7,evt_f44a29e40ad18658,Troy Merritt,PGA,62.12,,,,3.3500,1.0000,,
$2K Northern Trust,2020-08-18T16:04:41.259285,estk_f44a29e40ad186584fd2025821f57a83,evt_f44a29e40ad18658,Brendon Todd,PGA,61.98,,,,3.3100,1.0000,,
$2K Northern Trust,2020-08-18T16:04:41.259289,estk_f44a29e40ad186586fa5553da61e1d4f,evt_f44a29e40ad18658,Joel Dahmen,PGA,61.79,,,,3.2800,1.0000,,
$2K Northern Trust,2020-08-18T16:04:41.259292,estk_f44a29e40ad186588438cb80bd2eda1c,evt_f44a29e40ad18658,Sam Ryder,PGA,61.72,,,,3.2400,1.0000,,
$2K Northern Trust,2020-08-18T16:04:41.259296,estk_f44a29e40ad186581d4f740cf9f348cc,evt_f44a29e40ad18658,Wyndham Clark,PGA,61.65,,,,3.2300,1.0000,,
$2K Northern Trust,2020-08-18T16:04:41.259299,estk_f44a29e40ad18658bd95a61ddc89f373,evt_f44a29e40ad18658,Vaughn Taylor,PGA,61.53,,,,3.2100,1.0000,,
$2K Northern Trust,2020-08-18T16:04:41.259303,estk_f44a29e40ad1865833cbfa0bc2c99848,evt_f44a29e40ad18658,Charley Hoffman,PGA,61.13,,,,3.0900,1.0000,,
$2K Northern Trust,2020-08-18T16:04:41.259307,estk_f44a29e40ad18658800e5acffcb2c354,evt_f44a29e40ad18658,Bud Cauley,PGA,60.94,,,,3.0600,1.0000,,
$2K Northern Trust,2020-08-18T16:04:41.259311,estk_f44a29e40ad186588c0c59e9f95a36fc,evt_f44a29e40ad18658,Graeme McDowell,PGA,60.94,,,,3.0500,1.0000,,
$2K Northern Trust,2020-08-18T16:04:41.259315,estk_f44a29e40ad186582417e84cbbd5324d,evt_f44a29e40ad18658,Luke List,PGA,60.97,,,,3.0200,1.0000,,
$2K Northern Trust,2020-08-18T16:04:41.259319,estk_f44a29e40ad18658d6797fef070c38d6,evt_f44a29e40ad18658,Brice Garnett,PGA,60.63,,,,2.9800,1.0000,,
$2K Northern Trust,2020-08-18T16:04:41.259322,estk_f44a29e40ad18658a469dfc58a110587,evt_f44a29e40ad18658,Brian Harman,PGA,60.62,,,,2.9700,1.0000,,
$2K Northern Trust,2020-08-18T16:04:41.259326,estk_f44a29e40ad18658231a4d3b434acb3f,evt_f44a29e40ad18658,Dylan Frittelli,PGA,60.54,,,,2.9500,1.0000,,
$2K Northern Trust,2020-08-18T16:04:41.259329,estk_f44a29e40ad18658dc45886d5b7d7c1b,evt_f44a29e40ad18658,Russell Henley,PGA,60.39,,,,2.9300,1.0000,,
$2K Northern Trust,2020-08-18T16:04:41.259333,estk_f44a29e40ad186584be0d7fc77429fae,evt_f44a29e40ad18658,Sepp Straka,PGA,60.39,,,,2.9100,1.0000,,
$2K Northern Trust,2020-08-18T16:04:41.259337,estk_f44a29e40ad18658382b1670443dcf6e,evt_f44a29e40ad18658,Keith Mitchell,PGA,59.97,,,,2.8400,1.0000,,
$2K Northern Trust,2020-08-18T16:04:41.259341,estk_f44a29e40ad18658ae4992823c10a96e,evt_f44a29e40ad18658,Carlos Ortiz,PGA,59.64,,,,2.7600,1.0000,,
$2K Northern Trust,2020-08-18T16:04:41.259344,estk_f44a29e40ad1865840e1350656ce7a59,evt_f44a29e40ad18658,Brian Stuard,PGA,59.61,,,,2.7600,1.0000,,
$2K Northern Trust,2020-08-18T16:04:41.259348,estk_f44a29e40ad186584a18d062074b38a6,evt_f44a29e40ad18658,Scott Brown,PGA,59.31,,,,2.6700,1.0000,,
$2K Northern Trust,2020-08-18T16:04:41.259351,estk_f44a29e40ad18658182635c19afda3d2,evt_f44a29e40ad18658,Ryan Palmer,PGA,59.1,,,,2.6200,,,
$2K Northern Trust,2020-08-18T16:04:41.259355,estk_f44a29e40ad18658d3debc630a5f6602,evt_f44a29e40ad18658,Cameron Champ,PGA,59.08,,,,2.6200,1.0000,,
$2K Northern Trust,2020-08-18T16:04:41.259358,estk_f44a29e40ad18658c084ad91aa7b325e,evt_f44a29e40ad18658,Brendan Steele,PGA,58.82,,,,2.5900,1.0000,,
$2K Northern Trust,2020-08-18T16:04:41.259362,estk_f44a29e40ad18658a2ae7a7605b3a52e,evt_f44a29e40ad18658,Denny McCarthy,PGA,58.57,,,,2.5300,1.0000,,
$2K Northern Trust,2020-08-18T16:04:41.259365,estk_f44a29e40ad186580811efeafb376fee,evt_f44a29e40ad18658,Michael Thompson,PGA,58.5,,,,2.5300,1.0000,,
$2K Northern Trust,2020-08-18T16:04:41.259369,estk_f44a29e40ad18658a76ce6b76eb4f61c,evt_f44a29e40ad18658,Tom Hoge,PGA,58.3,,,,2.4800,1.0000,,
$2K Northern Trust,2020-08-18T16:04:41.259372,estk_f44a29e40ad18658a994dc6df42c2b1e,evt_f44a29e40ad18658,Nate Lashley,PGA,58.24,,,,2.4700,1.0000,,
$2K Northern Trust,2020-08-18T16:04:41.259376,estk_f44a29e40ad1865852583207eaa894b7,evt_f44a29e40ad18658,Scott Stallings,PGA,57.87,,,,2.4200,,,
$2K Northern Trust,2020-08-18T16:04:41.259379,estk_f44a29e40ad18658f3ef89e1a34c808f,evt_f44a29e40ad18658,Nick Taylor,PGA,57.89,,,,2.4000,1.0000,,
$2K Northern Trust,2020-08-18T16:04:41.259383,estk_f44a29e40ad186584e3c375c77ca101d,evt_f44a29e40ad18658,Tyler Duncan,PGA,57.61,,,,2.3500,1.0000,,
$2K Northern Trust,2020-08-18T16:04:41.259386,estk_f44a29e40ad18658404d8fe8b6d05439,evt_f44a29e40ad18658,Andrew Landry,PGA,57.49,,,,2.3200,1.0000,,
$2K Northern Trust,2020-08-18T16:04:41.259390,estk_f44a29e40ad18658f1c1c5d688ad50b6,evt_f44a29e40ad18658,Danny Lee,PGA,57.12,,,,2.2800,,,
$2K Northern Trust,2020-08-18T16:04:41.259393,estk_f44a29e40ad18658edbbe9a8a4e2367d,evt_f44a29e40ad18658,Maverick McNealy,PGA,57.18,,,,2.2700,1.0000,,
$2K Northern Trust,2020-08-18T16:04:41.259397,estk_f44a29e40ad18658b3124a1cc05b43be,evt_f44a29e40ad18658,Richy Werenski,PGA,56.99,,,,2.2500,1.0000,,
$2K Northern Trust,2020-08-18T16:04:41.259400,estk_f44a29e40ad186585a15f2b217b495d5,evt_f44a29e40ad18658,Adam Schenk,PGA,57.02,,,,2.2300,1.0000,,
$2K Northern Trust,2020-08-18T16:04:41.259404,estk_f44a29e40ad1865801c765712de170ec,evt_f44a29e40ad18658,Sung Kang,PGA,56.79,,,,2.2100,1.0000,,
$2K Northern Trust,2020-08-18T16:04:41.259407,estk_f44a29e40ad18658a0281ba5dadc7019,evt_f44a29e40ad18658,Matt Jones,PGA,56.56,,,,2.1800,,,
$2K Northern Trust,2020-08-18T16:04:41.259411,estk_f44a29e40ad18658b4845ab74ec88005,evt_f44a29e40ad18658,Zac Blair,PGA,56.33,,,,2.1300,1.0000,,
$2K Northern Trust,2020-08-18T16:04:41.259415,estk_f44a29e40ad1865877fd9b76bcb7f6ea,evt_f44a29e40ad18658,Henrik Norlander,PGA,56.18,,,,2.1200,,,
$2K Northern Trust,2020-08-18T16:04:41.259418,estk_f44a29e40ad18658abc28610c0242e1a,evt_f44a29e40ad18658,Phil Mickelson,PGA,55.76,,,,2.0400,1.0000,,
$2K Northern Trust,2020-08-18T16:04:41.259422,estk_f44a29e40ad186588145ed04e6806109,evt_f44a29e40ad18658,Beau Hossler,PGA,54.73,,,,1.9100,1.0000,,
$2K Northern Trust,2020-08-18T16:04:41.259426,estk_f44a29e40ad18658af335bc9711cd18a,evt_f44a29e40ad18658,Lanto Griffin,PGA,54.78,,,,1.8900,1.0000,,
$2K Northern Trust,2020-08-18T16:04:41.259429,estk_f44a29e40ad18658f8fe16d2b4c741cc,evt_f44a29e40ad18658,Emiliano Grillo,PGA,54.54,,,,1.8800,1.0000,,
$2K Northern Trust,2020-08-18T16:04:41.259433,estk_f44a29e40ad18658545854725c047326,evt_f44a29e40ad18658,Pat Perez,PGA,54.04,,,,1.8100,,,
$2K Northern Trust,2020-08-18T16:04:41.259437,estk_f44a29e40ad18658087d4d65007a09ad,evt_f44a29e40ad18658,Mackenzie Hughes,PGA,53.16,,,,1.7200,1.0000,,
$2K Northern Trust,2020-08-18T16:04:41.259441,estk_f44a29e40ad18658408e07cab14ecb5c,evt_f44a29e40ad18658,Kyoung-Hoon Lee,PGA,52.92,,,,1.6800,1.0000,,
$2K Northern Trust,2020-08-18T16:04:41.259444,estk_f44a29e40ad18658e89354ed4f13852c,evt_f44a29e40ad18658,Sam Burns,PGA,52.66,,,,1.6500,1.0000,,
$2K Northern Trust,2020-08-18T16:04:41.259447,estk_f44a29e40ad1865840a0595b15d497b5,evt_f44a29e40ad18658,Cameron Davis,PGA,52.57,,,,1.6500,1.0000,,
$2K Northern Trust,2020-08-18T16:04:41.259451,estk_f44a29e40ad186584f70a08a1a272573,evt_f44a29e40ad18658,Talor Gooch,PGA,52.02,,,,1.5900,1.0000,,
$2K Northern Trust,2020-08-18T16:04:41.259455,estk_f44a29e40ad1865819828383a43b2168,evt_f44a29e40ad18658,Bo Hoag,PGA,51.56,,,,1.5400,1.0000,,
$2K Northern Trust,2020-08-18T16:04:41.259458,estk_f44a29e40ad186589833b63def7a8a43,evt_f44a29e40ad18658,Scott Harrington,PGA,51.52,,,,1.5400,1.0000,,
$2K Northern Trust,2020-08-18T16:04:41.259462,estk_f44a29e40ad18658be7a33b803f85da5,evt_f44a29e40ad18658,Harry Higgs,PGA,51.39,,,,1.5300,,,
$2K Northern Trust,2020-08-18T16:04:41.259465,estk_f44a29e40ad186585936e6a0df92674f,evt_f44a29e40ad18658,Xinjun Zhang,PGA,51.26,,,,1.5200,1.0000,,
$2K Northern Trust,2020-08-18T16:04:41.259469,estk_f44a29e40ad18658a9cf9571ae8d1395,evt_f44a29e40ad18658,Adam Long,PGA,50.76,,,,1.4800,,,
$2K Northern Trust,2020-08-18T16:04:41.259473,estk_f44a29e40ad1865824767e7a4d8ae0f3,evt_f44a29e40ad18658,Mark Hubbard,PGA,50.73,,,,1.4800,1.0000,,
$2K Northern Trust,2020-08-18T16:04:41.259476,estk_f44a29e40ad18658b64bcd1f5a174b84,evt_f44a29e40ad18658,Matthew NeSmith,PGA,50.21,,,,1.4400,1.0000,,
$2K Northern Trust,2020-08-18T16:04:41.259480,estk_f44a29e40ad186586c585da9e4b2ba79,evt_f44a29e40ad18658,Tom Lewis,PGA,50.09,,,,1.4400,1.0000,,
$2K Northern Trust,2020-08-18T16:04:41.259483,estk_f44a29e40ad18658f94b7e5eca9035c7,evt_f44a29e40ad18658,Cameron Tringale,PGA,49.93,,,,1.4200,1.0000,,
$2K Northern Trust,2020-08-20T00:06:00.586609,estk_f44a29e40ad18658f659aa7b5b2176ee,evt_f44a29e40ad18658,Collin Morikawa,PGA,78.58,78.58,0,0,11.1300,10.5200,12.8900,
$2K Northern Trust,2020-08-20T00:06:00.586639,estk_f44a29e40ad18658077d445dd9eef8da,evt_f44a29e40ad18658,Patrick Cantlay,PGA,77.93,77.93,0,0,10.7200,10.2200,12.3900,
$2K Northern Trust,2020-08-20T00:06:00.586645,estk_f44a29e40ad18658503f60443b3bd112,evt_f44a29e40ad18658,Webb Simpson,PGA,76.61,76.61,0,0,9.9200,9.4000,11.5700,
$2K Northern Trust,2020-08-20T00:06:00.586649,estk_f44a29e40ad18658f40801c5943c8d94,evt_f44a29e40ad18658,Jon Rahm,PGA,75.84,75.84,0,0,9.4200,9.0000,11.1000,
$2K Northern Trust,2020-08-20T00:06:00.586655,estk_f44a29e40ad1865803fcb99bd098267b,evt_f44a29e40ad18658,Patrick Reed,PGA,75.5,75.5,0,0,9.2100,8.7800,10.9100,
$2K Northern Trust,2020-08-20T00:06:00.586660,estk_f44a29e40ad18658e0b5b2fc83a00c65,evt_f44a29e40ad18658,Gary Woodland,PGA,74.87,74.87,0,0,8.8600,8.4600,10.5700,
$2K Northern Trust,2020-08-20T00:06:00.586664,estk_f44a29e40ad18658385c664e153f199a,evt_f44a29e40ad18658,Rory McIlroy,PGA,74.87,74.87,0,0,8.8200,8.4400,10.5400,
$2K Northern Trust,2020-08-20T00:06:00.586669,estk_f44a29e40ad18658d11048af6a9aa9e4,evt_f44a29e40ad18658,Bryson DeChambeau,PGA,74.79,74.79,0,0,8.7600,8.4000,10.4800,
$2K Northern Trust,2020-08-20T00:06:00.586673,estk_f44a29e40ad186586e48ec89ea29f9f8,evt_f44a29e40ad18658,Justin Thomas,PGA,74.23,74.23,0,0,8.5000,8.1200,10.1300,
$2K Northern Trust,2020-08-20T00:06:00.586677,estk_f44a29e40ad186588eb46850755a695e,evt_f44a29e40ad18658,Xander Schauffele,PGA,73.96,73.96,0,0,8.3400,7.9500,10.0000,
$2K Northern Trust,2020-08-20T00:06:00.586681,estk_f44a29e40ad18658ecdd9ee6a8267442,evt_f44a29e40ad18658,Abraham Ancer,PGA,72.44,72.44,0,0,7.5300,7.1700,9.1200,
$2K Northern Trust,2020-08-20T00:06:00.586686,estk_f44a29e40ad18658514f8f232f286c88,evt_f44a29e40ad18658,Tiger Woods,PGA,72.43,72.43,0,0,7.5100,7.1700,9.1300,
$2K Northern Trust,2020-08-20T00:06:00.586689,estk_f44a29e40ad18658db5881f101cec470,evt_f44a29e40ad18658,Justin Rose,PGA,72.15,72.15,0,0,7.3600,7.0500,9.0500,
$2K Northern Trust,2020-08-20T00:06:00.586694,estk_f44a29e40ad18658c2291b803160b17e,evt_f44a29e40ad18658,Daniel Berger,PGA,71.55,71.55,0,0,7.0500,6.7600,8.7100,
$2K Northern Trust,2020-08-20T00:06:00.586698,estk_f44a29e40ad18658d84407620d2d9cf0,evt_f44a29e40ad18658,Tony Finau,PGA,71.23,71.23,0,0,6.8900,6.6100,8.5300,
$2K Northern Trust,2020-08-20T00:06:00.586702,estk_f44a29e40ad18658fe200133ec8a6c41,evt_f44a29e40ad18658,Tyrrell Hatton,PGA,71.22,71.22,0,0,6.8800,6.6000,8.5300,
$2K Northern Trust,2020-08-20T00:06:00.586705,estk_f44a29e40ad186586db374755563ce83,evt_f44a29e40ad18658,Bubba Watson,PGA,70.83,70.83,0,0,6.6600,6.4100,8.3300,
$2K Northern Trust,2020-08-20T00:06:00.586709,estk_f44a29e40ad1865833ae0bbc78db2949,evt_f44a29e40ad18658,Dustin Johnson,PGA,70.22,70.22,0,0,6.4300,6.1200,8.0300,
$2K Northern Trust,2020-08-20T00:06:00.586713,estk_f44a29e40ad186583116b24358a8f507,evt_f44a29e40ad18658,Louis Oosthuizen,PGA,69.85,69.85,0,0,6.2300,5.9900,7.8800,
$2K Northern Trust,2020-08-20T00:06:00.586717,estk_f44a29e40ad18658527c5abfc1093b26,evt_f44a29e40ad18658,Hideki Matsuyama,PGA,69.53,69.53,0,0,6.1000,5.8500,7.7300,
$2K Northern Trust,2020-08-20T00:06:00.586721,estk_f44a29e40ad186589cb9fc3fe55be3c0,evt_f44a29e40ad18658,Adam Scott,PGA,69.44,69.44,0,0,6.0600,5.8200,7.6500,
$2K Northern Trust,2020-08-20T00:06:00.586724,estk_f44a29e40ad18658a8b79a109f7cf8a2,evt_f44a29e40ad18658,Byeong Hun An,PGA,68.97,68.97,0,0,5.8600,5.6100,7.4500,
$2K Northern Trust,2020-08-20T00:06:00.586729,estk_f44a29e40ad186582203f644cb3905c3,evt_f44a29e40ad18658,Jason Day,PGA,68.71,68.71,0,0,5.7500,5.5000,7.3700,
$2K Northern Trust,2020-08-20T00:06:00.586733,estk_f44a29e40ad18658dc1e23aa4cb30164,evt_f44a29e40ad18658,Marc Leishman,PGA,68.7,68.7,0,0,5.7500,5.5100,7.3400,
$2K Northern Trust,2020-08-20T00:06:00.586736,estk_f44a29e40ad18658a251d6b9cc0a07e5,evt_f44a29e40ad18658,Sungjae Im,PGA,68.48,68.48,0,0,5.6500,5.4100,7.2500,
$2K Northern Trust,2020-08-20T00:06:00.586741,estk_f44a29e40ad18658bf5c4810745af2e6,evt_f44a29e40ad18658,Matthew Fitzpatrick,PGA,68.43,68.43,0,0,5.6500,5.3800,7.2400,
$2K Northern Trust,2020-08-20T00:06:00.586745,estk_f44a29e40ad18658275b00a4c6134775,evt_f44a29e40ad18658,Rickie Fowler,PGA,68.49,68.49,0,0,5.6400,5.4100,7.2800,
$2K Northern Trust,2020-08-20T00:06:00.586748,estk_f44a29e40ad18658dda748b4200f22bf,evt_f44a29e40ad18658,Paul Casey,PGA,68.12,68.12,0,0,5.4500,5.2800,7.0900,
$2K Northern Trust,2020-08-20T00:06:00.586752,estk_f44a29e40ad18658694b41dae4b8654f,evt_f44a29e40ad18658,Lucas Glover,PGA,68.1,68.1,0,0,5.4500,5.2500,7.1000,
$2K Northern Trust,2020-08-20T00:06:00.586756,estk_f44a29e40ad18658e84f621105202612,evt_f44a29e40ad18658,Matt Kuchar,PGA,67.91,67.91,0,0,5.4200,5.1900,6.9900,
$2K Northern Trust,2020-08-20T00:06:00.586760,estk_f44a29e40ad186583d3360a6372e1b4e,evt_f44a29e40ad18658,Viktor Hovland,PGA,67.9,67.9,0,0,5.3900,5.1800,6.9900,
$2K Northern Trust,2020-08-20T00:06:00.586763,estk_f44a29e40ad186583cdf3e1e39472da5,evt_f44a29e40ad18658,Tommy Fleetwood,PGA,67.52,67.52,0,0,5.2500,5.0200,6.8200,
$2K Northern Trust,2020-08-20T00:06:00.586768,estk_f44a29e40ad186582ab98d8a9a770fd5,evt_f44a29e40ad18658,Jordan Spieth,PGA,67.41,67.41,0,0,5.2100,4.9700,6.7900,
$2K Northern Trust,2020-08-20T00:06:00.586771,estk_f44a29e40ad18658170130e9fa731e23,evt_f44a29e40ad18658,Jason Kokrak,PGA,67.39,67.39,0,0,5.1800,4.9700,6.7900,
$2K Northern Trust,2020-08-20T00:06:00.586775,estk_f44a29e40ad1865856ab6ba90ba02e56,evt_f44a29e40ad18658,Joaquin Niemann,PGA,67.09,67.09,0,0,5.0900,4.8600,6.6500,
$2K Northern Trust,2020-08-20T00:06:00.586780,estk_f44a29e40ad186581c0e9cf8ef9eccd9,evt_f44a29e40ad18658,Matthew Wolff,PGA,66.98,66.98,0,0,5.0400,4.8600,6.6200,
$2K Northern Trust,2020-08-20T00:06:00.586785,estk_f44a29e40ad186586ef252b94400baa3,evt_f44a29e40ad18658,Adam Hadwin,PGA,66.89,66.89,0,0,4.9700,4.8000,6.6100,
$2K Northern Trust,2020-08-20T00:06:00.586788,estk_f44a29e40ad1865891386b499e2742a4,evt_f44a29e40ad18658,Ryan Moore,PGA,66.64,66.64,0,0,4.8900,4.7000,6.4900,
$2K Northern Trust,2020-08-20T00:06:00.586793,estk_f44a29e40ad186588e366112314840d7,evt_f44a29e40ad18658,Keegan Bradley,PGA,66.67,66.67,0,0,4.8800,4.7100,6.5000,
$2K Northern Trust,2020-08-20T00:06:00.586796,estk_f44a29e40ad1865858f9d59b6d1e50b5,evt_f44a29e40ad18658,Kevin Streelman,PGA,66.55,66.55,0,0,4.8200,4.6700,6.4800,
$2K Northern Trust,2020-08-20T00:06:00.586801,estk_f44a29e40ad186581fc545ba8ac8cb0b,evt_f44a29e40ad18658,Rory Sabbatini,PGA,66.15,66.15,0,0,4.7200,4.5200,6.2600,
$2K Northern Trust,2020-08-20T00:06:00.586805,estk_f44a29e40ad18658d8f0d69f88d3691a,evt_f44a29e40ad18658,Doc Redman,PGA,65.99,65.99,0,0,4.6400,4.4700,6.2600,
$2K Northern Trust,2020-08-20T00:06:00.586809,estk_f44a29e40ad186584e5af02280177635,evt_f44a29e40ad18658,Si Woo Kim,PGA,66.04,66.04,0,0,4.6200,4.5000,6.2300,
$2K Northern Trust,2020-08-20T00:06:00.586813,estk_f44a29e40ad18658727afcd55bf28e15,evt_f44a29e40ad18658,Brandt Snedeker,PGA,65.76,65.76,0,0,4.5400,4.3900,6.1700,
$2K Northern Trust,2020-08-20T00:06:00.586817,estk_f44a29e40ad18658439e82932be18fd4,evt_f44a29e40ad18658,Ian Poulter,PGA,65.01,65.01,0,0,4.2800,4.1300,5.8800,
$2K Northern Trust,2020-08-20T00:06:00.586821,estk_f44a29e40ad186581ca8635140548cc5,evt_f44a29e40ad18658,Harris English,PGA,64.79,64.79,0,0,4.2300,4.0700,5.7800,
$2K Northern Trust,2020-08-20T00:06:00.586825,estk_f44a29e40ad18658e71bc53e996275e5,evt_f44a29e40ad18658,Brian Gay,PGA,64.67,64.67,0,0,4.1800,4.0200,5.7600,
$2K Northern Trust,2020-08-20T00:06:00.586830,estk_f44a29e40ad186587c4bd9c5a9725b31,evt_f44a29e40ad18658,Kevin Na,PGA,64.41,64.41,0,0,4.0800,3.9600,5.6500,
$2K Northern Trust,2020-08-20T00:06:00.586834,estk_f44a29e40ad186583544479351e1ff63,evt_f44a29e40ad18658,Billy Horschel,PGA,63.88,63.88,0,0,3.9200,3.7700,5.5000,
$2K Northern Trust,2020-08-20T00:06:00.586838,estk_f44a29e40ad1865899495eb9a3c8aa25,evt_f44a29e40ad18658,Kevin Kisner,PGA,63.91,63.91,0,0,3.9100,3.7900,5.5000,
$2K Northern Trust,2020-08-20T00:06:00.586841,estk_f44a29e40ad18658467812ddab873919,evt_f44a29e40ad18658,J.T. Poston,PGA,63.77,63.77,0,0,3.8900,3.7700,5.4600,
$2K Northern Trust,2020-08-20T00:06:00.586846,estk_f44a29e40ad18658f0b722aa359b7f95,evt_f44a29e40ad18658,Scott Piercy,PGA,63.7,63.7,0,0,3.8600,3.7300,5.4500,
$2K Northern Trust,2020-08-20T00:06:00.586849,estk_f44a29e40ad186582f70583fd032316f,evt_f44a29e40ad18658,Max Homa,PGA,63.48,63.48,0,0,3.7900,3.6700,5.3800,
$2K Northern Trust,2020-08-20T00:06:00.586853,estk_f44a29e40ad1865837a8104a8070199b,evt_f44a29e40ad18658,Ryan Armour,PGA,63.26,63.26,0,0,3.7300,3.5900,5.3100,
$2K Northern Trust,2020-08-20T00:06:00.586857,estk_f44a29e40ad18658bdc437a37a2c4345,evt_f44a29e40ad18658,Patrick Rodgers,PGA,63.21,63.21,0,0,3.6900,3.5900,5.3000,
$2K Northern Trust,2020-08-20T00:06:00.586861,estk_f44a29e40ad186587ab7cd0f0adea4a7,evt_f44a29e40ad18658,Cameron Smith,PGA,63.13,63.13,0,0,3.6900,3.5600,5.2600,
$2K Northern Trust,2020-08-20T00:06:00.586865,estk_f44a29e40ad18658a5e32548021abe19,evt_f44a29e40ad18658,Chez Reavie,PGA,63.09,63.09,0,0,3.6800,3.5500,5.2400,
$2K Northern Trust,2020-08-20T00:06:00.586869,estk_f44a29e40ad18658ff6618d36b623f5c,evt_f44a29e40ad18658,Scottie Scheffler,PGA,63.05,63.05,0,0,3.6600,3.5400,5.2300,
$2K Northern Trust,2020-08-20T00:06:00.586873,estk_f44a29e40ad18658d826980e444dc049,evt_f44a29e40ad18658,Alex Noren,PGA,62.96,62.96,0,0,3.6400,3.5300,5.1900,
$2K Northern Trust,2020-08-20T00:06:00.586878,estk_f44a29e40ad186581e0083f260619709,evt_f44a29e40ad18658,Sebastian Munoz,PGA,62.82,62.82,0,0,3.6100,3.4600,5.1500,
$2K Northern Trust,2020-08-20T00:06:00.586882,estk_f44a29e40ad18658f8ddff16f2dbed28,evt_f44a29e40ad18658,Corey Conners,PGA,62.88,62.88,0,0,3.6000,3.5000,5.2000,
$2K Northern Trust,2020-08-20T00:06:00.586886,estk_f44a29e40ad18658e3957215e84f7eab,evt_f44a29e40ad18658,Charles Howell III,PGA,62.6,62.6,0,0,3.5000,3.4100,5.0800,
$2K Northern Trust,2020-08-20T00:06:00.586890,estk_f44a29e40ad186583a3fd2efe45d4190,evt_f44a29e40ad18658,Harold Varner III,PGA,62.44,62.44,0,0,3.5000,3.3700,5.0600,
$2K Northern Trust,2020-08-20T00:06:00.586894,estk_f44a29e40ad186583f67e338f06084d7,evt_f44a29e40ad18658,Troy Merritt,PGA,62.12,62.12,0,0,3.3800,3.2800,4.9500,
$2K Northern Trust,2020-08-20T00:06:00.586898,estk_f44a29e40ad186584fd2025821f57a83,evt_f44a29e40ad18658,Brendon Todd,PGA,61.98,61.98,0,0,3.3600,3.2400,4.9400,
$2K Northern Trust,2020-08-20T00:06:00.586903,estk_f44a29e40ad186586fa5553da61e1d4f,evt_f44a29e40ad18658,Joel Dahmen,PGA,61.79,61.79,0,0,3.2900,3.1900,4.8800,
$2K Northern Trust,2020-08-20T00:06:00.586907,estk_f44a29e40ad186581d4f740cf9f348cc,evt_f44a29e40ad18658,Wyndham Clark,PGA,61.65,61.65,0,0,3.2800,3.1600,4.8400,
$2K Northern Trust,2020-08-20T00:06:00.586911,estk_f44a29e40ad186588438cb80bd2eda1c,evt_f44a29e40ad18658,Sam Ryder,PGA,61.72,61.72,0,0,3.2700,3.1800,4.8400,
$2K Northern Trust,2020-08-20T00:06:00.586915,estk_f44a29e40ad1865833cbfa0bc2c99848,evt_f44a29e40ad18658,Charley Hoffman,PGA,61.13,61.13,0,0,3.1000,3.0300,4.6600,
$2K Northern Trust,2020-08-20T00:06:00.586919,estk_f44a29e40ad186582417e84cbbd5324d,evt_f44a29e40ad18658,Luke List,PGA,60.97,60.97,0,0,3.0800,3.0000,4.6400,
$2K Northern Trust,2020-08-20T00:06:00.586923,estk_f44a29e40ad186588c0c59e9f95a36fc,evt_f44a29e40ad18658,Graeme McDowell,PGA,60.94,60.94,0,0,3.0700,2.9900,4.6300,
$2K Northern Trust,2020-08-20T00:06:00.586926,estk_f44a29e40ad18658800e5acffcb2c354,evt_f44a29e40ad18658,Bud Cauley,PGA,60.94,60.94,0,0,3.0700,2.9800,4.6300,
$2K Northern Trust,2020-08-20T00:06:00.586930,estk_f44a29e40ad18658d6797fef070c38d6,evt_f44a29e40ad18658,Brice Garnett,PGA,60.63,60.63,0,0,3.0000,2.9100,4.5600,
$2K Northern Trust,2020-08-20T00:06:00.586935,estk_f44a29e40ad18658a469dfc58a110587,evt_f44a29e40ad18658,Brian Harman,PGA,60.62,60.62,0,0,2.9900,2.9100,4.5400,
$2K Northern Trust,2020-08-20T00:06:00.586939,estk_f44a29e40ad18658231a4d3b434acb3f,evt_f44a29e40ad18658,Dylan Frittelli,PGA,60.54,60.54,0,0,2.9800,2.8900,4.5200,
$2K Northern Trust,2020-08-20T00:06:00.586942,estk_f44a29e40ad186584be0d7fc77429fae,evt_f44a29e40ad18658,Sepp Straka,PGA,60.39,60.39,0,0,2.9400,2.8500,4.5100,
$2K Northern Trust,2020-08-20T00:06:00.586946,estk_f44a29e40ad18658dc45886d5b7d7c1b,evt_f44a29e40ad18658,Russell Henley,PGA,60.39,60.39,0,0,2.9300,2.8500,4.5100,
$2K Northern Trust,2020-08-20T00:06:00.586950,estk_f44a29e40ad18658382b1670443dcf6e,evt_f44a29e40ad18658,Keith Mitchell,PGA,59.97,59.97,0,0,2.8300,2.7600,4.3600,
$2K Northern Trust,2020-08-20T00:06:00.586954,estk_f44a29e40ad18658ae4992823c10a96e,evt_f44a29e40ad18658,Carlos Ortiz,PGA,59.64,59.64,0,0,2.7700,2.6900,4.3200,
$2K Northern Trust,2020-08-20T00:06:00.586958,estk_f44a29e40ad1865840e1350656ce7a59,evt_f44a29e40ad18658,Brian Stuard,PGA,59.61,59.61,0,0,2.7600,2.6900,4.3100,
$2K Northern Trust,2020-08-20T00:06:00.586962,estk_f44a29e40ad186584a18d062074b38a6,evt_f44a29e40ad18658,Scott Brown,PGA,59.31,59.31,0,0,2.6800,2.6200,4.2200,
$2K Northern Trust,2020-08-20T00:06:00.586967,estk_f44a29e40ad18658d3debc630a5f6602,evt_f44a29e40ad18658,Cameron Champ,PGA,59.08,59.08,0,0,2.6500,2.5700,4.1900,
$2K Northern Trust,2020-08-20T00:06:00.586971,estk_f44a29e40ad18658182635c19afda3d2,evt_f44a29e40ad18658,Ryan Palmer,PGA,59.1,59.1,0,0,2.6400,2.5800,4.1900,
$2K Northern Trust,2020-08-20T00:06:00.586975,estk_f44a29e40ad18658c084ad91aa7b325e,evt_f44a29e40ad18658,Brendan Steele,PGA,58.82,58.82,0,0,2.5600,2.5300,4.1300,
$2K Northern Trust,2020-08-20T00:06:00.586979,estk_f44a29e40ad18658a2ae7a7605b3a52e,evt_f44a29e40ad18658,Denny McCarthy,PGA,58.57,58.57,0,0,2.5400,2.4600,4.0700,
$2K Northern Trust,2020-08-20T00:06:00.586983,estk_f44a29e40ad186580811efeafb376fee,evt_f44a29e40ad18658,Michael Thompson,PGA,58.5,58.5,0,0,2.5100,2.4500,4.0800,
$2K Northern Trust,2020-08-20T00:06:00.586987,estk_f44a29e40ad18658a994dc6df42c2b1e,evt_f44a29e40ad18658,Nate Lashley,PGA,58.24,58.24,0,0,2.4700,2.4000,4.0200,
$2K Northern Trust,2020-08-20T00:06:00.586991,estk_f44a29e40ad18658a76ce6b76eb4f61c,evt_f44a29e40ad18658,Tom Hoge,PGA,58.3,58.3,0,0,2.4600,2.4200,4.0200,
$2K Northern Trust,2020-08-20T00:06:00.586994,estk_f44a29e40ad18658f3ef89e1a34c808f,evt_f44a29e40ad18658,Nick Taylor,PGA,57.89,57.89,0,0,2.4000,2.3400,3.9400,
$2K Northern Trust,2020-08-20T00:06:00.586999,estk_f44a29e40ad1865852583207eaa894b7,evt_f44a29e40ad18658,Scott Stallings,PGA,57.87,57.87,0,0,2.3900,2.3400,3.9500,
$2K Northern Trust,2020-08-20T00:06:00.587003,estk_f44a29e40ad186584e3c375c77ca101d,evt_f44a29e40ad18658,Tyler Duncan,PGA,57.61,57.61,0,0,2.3300,2.2900,3.8900,
$2K Northern Trust,2020-08-20T00:06:00.587007,estk_f44a29e40ad18658404d8fe8b6d05439,evt_f44a29e40ad18658,Andrew Landry,PGA,57.49,57.49,0,0,2.3300,2.2700,3.8600,
$2K Northern Trust,2020-08-20T00:06:00.587010,estk_f44a29e40ad18658edbbe9a8a4e2367d,evt_f44a29e40ad18658,Maverick McNealy,PGA,57.18,57.18,0,0,2.2800,2.2200,3.8100,
$2K Northern Trust,2020-08-20T00:06:00.587014,estk_f44a29e40ad18658f1c1c5d688ad50b6,evt_f44a29e40ad18658,Danny Lee,PGA,57.12,57.12,0,0,2.2600,2.2000,3.8200,
$2K Northern Trust,2020-08-20T00:06:00.587018,estk_f44a29e40ad186585a15f2b217b495d5,evt_f44a29e40ad18658,Adam Schenk,PGA,57.02,57.02,0,0,2.2400,2.1900,3.7700,
$2K Northern Trust,2020-08-20T00:06:00.587022,estk_f44a29e40ad18658b3124a1cc05b43be,evt_f44a29e40ad18658,Richy Werenski,PGA,56.99,56.99,0,0,2.2300,2.1900,3.8000,
$2K Northern Trust,2020-08-20T00:06:00.587029,estk_f44a29e40ad1865801c765712de170ec,evt_f44a29e40ad18658,Sung Kang,PGA,56.79,56.79,0,0,2.1900,2.1500,3.7300,
$2K Northern Trust,2020-08-20T00:06:00.587033,estk_f44a29e40ad18658a0281ba5dadc7019,evt_f44a29e40ad18658,Matt Jones,PGA,56.56,56.56,0,0,2.1700,2.1200,3.6900,
$2K Northern Trust,2020-08-20T00:06:00.587037,estk_f44a29e40ad18658b4845ab74ec88005,evt_f44a29e40ad18658,Zac Blair,PGA,56.33,56.33,0,0,2.1200,2.0900,3.6600,
$2K Northern Trust,2020-08-20T00:06:00.587041,estk_f44a29e40ad1865877fd9b76bcb7f6ea,evt_f44a29e40ad18658,Henrik Norlander,PGA,56.18,56.18,0,0,2.1000,2.0600,3.6500,
$2K Northern Trust,2020-08-20T00:06:00.587045,estk_f44a29e40ad18658abc28610c0242e1a,evt_f44a29e40ad18658,Phil Mickelson,PGA,55.76,55.76,0,0,2.0100,1.9900,3.5700,
$2K Northern Trust,2020-08-20T00:06:00.587049,estk_f44a29e40ad18658af335bc9711cd18a,evt_f44a29e40ad18658,Lanto Griffin,PGA,54.78,54.78,0,0,1.8800,1.8600,3.4300,
$2K Northern Trust,2020-08-20T00:06:00.587053,estk_f44a29e40ad186588145ed04e6806109,evt_f44a29e40ad18658,Beau Hossler,PGA,54.73,54.73,0,0,1.8800,1.8500,3.4300,
$2K Northern Trust,2020-08-20T00:06:00.587056,estk_f44a29e40ad18658f8fe16d2b4c741cc,evt_f44a29e40ad18658,Emiliano Grillo,PGA,54.54,54.54,0,0,1.8500,1.8300,3.3900,
$2K Northern Trust,2020-08-20T00:06:00.587060,estk_f44a29e40ad18658545854725c047326,evt_f44a29e40ad18658,Pat Perez,PGA,54.04,54.04,0,0,1.8100,1.7700,3.3400,
$2K Northern Trust,2020-08-20T00:06:00.587064,estk_f44a29e40ad18658087d4d65007a09ad,evt_f44a29e40ad18658,Mackenzie Hughes,PGA,53.16,53.16,0,0,1.6900,1.6700,3.2200,
$2K Northern Trust,2020-08-20T00:06:00.587067,estk_f44a29e40ad18658408e07cab14ecb5c,evt_f44a29e40ad18658,Kyoung-Hoon Lee,PGA,52.92,52.92,0,0,1.6700,1.6400,3.1900,
$2K Northern Trust,2020-08-20T00:06:00.587074,estk_f44a29e40ad18658e89354ed4f13852c,evt_f44a29e40ad18658,Sam Burns,PGA,52.66,52.66,0,0,1.6400,1.6200,3.1700,
$2K Northern Trust,2020-08-20T00:06:00.587079,estk_f44a29e40ad1865840a0595b15d497b5,evt_f44a29e40ad18658,Cameron Davis,PGA,52.57,52.57,0,0,1.6300,1.6100,3.1500,
$2K Northern Trust,2020-08-20T00:06:00.587083,estk_f44a29e40ad186584f70a08a1a272573,evt_f44a29e40ad18658,Talor Gooch,PGA,52.02,52.02,0,0,1.5800,1.5500,3.1000,
$2K Northern Trust,2020-08-20T00:06:00.587087,estk_f44a29e40ad1865819828383a43b2168,evt_f44a29e40ad18658,Bo Hoag,PGA,51.56,51.56,0,0,1.5300,1.5100,3.0500,
$2K Northern Trust,2020-08-20T00:06:00.587091,estk_f44a29e40ad186589833b63def7a8a43,evt_f44a29e40ad18658,Scott Harrington,PGA,51.52,51.52,0,0,1.5300,1.5100,3.0500,
$2K Northern Trust,2020-08-20T00:06:00.587094,estk_f44a29e40ad18658be7a33b803f85da5,evt_f44a29e40ad18658,Harry Higgs,PGA,51.39,51.39,0,0,1.5200,1.5000,3.0400,
$2K Northern Trust,2020-08-20T00:06:00.587098,estk_f44a29e40ad186585936e6a0df92674f,evt_f44a29e40ad18658,Xinjun Zhang,PGA,51.26,51.26,0,0,1.5000,1.4800,3.0400,
$2K Northern Trust,2020-08-20T00:06:00.587102,estk_f44a29e40ad18658a9cf9571ae8d1395,evt_f44a29e40ad18658,Adam Long,PGA,50.76,50.76,0,0,1.4600,1.4500,2.9900,
$2K Northern Trust,2020-08-20T00:06:00.587106,estk_f44a29e40ad1865824767e7a4d8ae0f3,evt_f44a29e40ad18658,Mark Hubbard,PGA,50.73,50.73,0,0,1.4500,1.4500,,
$2K Northern Trust,2020-08-20T00:06:00.587110,estk_f44a29e40ad18658b64bcd1f5a174b84,evt_f44a29e40ad18658,Matthew NeSmith,PGA,50.21,50.21,0,0,1.4200,1.4100,2.9400,
$2K Northern Trust,2020-08-20T00:06:00.587114,estk_f44a29e40ad186586c585da9e4b2ba79,evt_f44a29e40ad18658,Tom Lewis,PGA,50.09,50.09,0,0,1.4000,1.4000,2.9400,
$2K Northern Trust,2020-08-20T00:06:00.587117,estk_f44a29e40ad18658f94b7e5eca9035c7,evt_f44a29e40ad18658,Cameron Tringale,PGA,49.93,49.93,0,0,1.4000,1.3900,2.9200,
$2K Northern Trust,2020-08-20T00:06:00.587122,estk_f44a29e40ad18658bd95a61ddc89f373,evt_f44a29e40ad18658,Vaughn Taylor,PGA,0,0,0,0,1.0000,1.0200,2.5200,
$2K Northern Trust,2020-08-20T00:06:00.587126,estk_f44a29e40ad1865830ccd165c4aa611d,evt_f44a29e40ad18658,Brooks Koepka,PGA,0,0,0,0,1.0000,5.9500,2.5200,
$2K Northern Trust,2020-08-20T11:26:29.483090,estk_f44a29e40ad18658bd95a61ddc89f373,evt_f44a29e40ad18658,Vaughn Taylor,PGA,0,0,0,1,1.0000,1.0200,2.5200,
$2K Northern Trust,2020-08-20T11:26:29.483095,estk_f44a29e40ad1865830ccd165c4aa611d,evt_f44a29e40ad18658,Brooks Koepka,PGA,0,0,0,1,1.0000,5.9500,2.5200,
$2K Northern Trust,2020-08-20T11:36:30.072966,estk_f44a29e40ad1865891386b499e2742a4,evt_f44a29e40ad18658,Ryan Moore,PGA,66.64,66.97,1,0.01,5.0000,4.7000,6.4900,
$2K Northern Trust,2020-08-20T11:36:30.072997,estk_f44a29e40ad18658439e82932be18fd4,evt_f44a29e40ad18658,Ian Poulter,PGA,65.01,65.36,1,0.01,4.4000,4.1300,5.8800,
$2K Northern Trust,2020-08-20T11:36:30.073060,estk_f44a29e40ad1865837a8104a8070199b,evt_f44a29e40ad18658,Ryan Armour,PGA,63.26,62.63,0,0.01,3.4700,3.5900,5.3100,
$2K Northern Trust,2020-08-20T11:46:30.541836,estk_f44a29e40ad1865891386b499e2742a4,evt_f44a29e40ad18658,Ryan Moore,PGA,66.64,65.64,1,0.03,4.4300,4.7000,6.4900,
$2K Northern Trust,2020-08-20T11:46:30.541862,estk_f44a29e40ad18658a5e32548021abe19,evt_f44a29e40ad18658,Chez Reavie,PGA,63.09,64.46,2,0.01,4.0700,3.5500,5.2400,
$2K Northern Trust,2020-08-20T11:46:30.541912,estk_f44a29e40ad1865837a8104a8070199b,evt_f44a29e40ad18658,Ryan Armour,PGA,63.26,62.36,1,0.03,3.3600,3.5900,5.3100,
$2K Northern Trust,2020-08-20T11:46:30.541991,estk_f44a29e40ad18658a994dc6df42c2b1e,evt_f44a29e40ad18658,Nate Lashley,PGA,58.24,58.66,1,0.01,2.5000,2.4000,4.0200,
$2K Northern Trust,2020-08-20T11:46:30.542029,estk_f44a29e40ad1865801c765712de170ec,evt_f44a29e40ad18658,Sung Kang,PGA,56.79,57.22,1,0.01,2.2100,2.1500,3.7300,
$2K Northern Trust,2020-08-20T11:46:30.542083,estk_f44a29e40ad186584f70a08a1a272573,evt_f44a29e40ad18658,Talor Gooch,PGA,52.02,52.5,1,0.01,1.5600,1.5500,3.1000,
$2K Northern Trust,2020-08-20T11:56:31.087190,estk_f44a29e40ad18658e84f621105202612,evt_f44a29e40ad18658,Matt Kuchar,PGA,67.91,68.23,1,0.01,5.5400,5.1900,6.9900,
$2K Northern Trust,2020-08-20T11:56:31.087247,estk_f44a29e40ad18658439e82932be18fd4,evt_f44a29e40ad18658,Ian Poulter,PGA,65.01,66.06,3,0.03,4.5900,4.1300,5.8800,
$2K Northern Trust,2020-08-20T11:56:31.087313,estk_f44a29e40ad186583a3fd2efe45d4190,evt_f44a29e40ad18658,Harold Varner III,PGA,62.44,62.82,1,0.01,3.5400,3.3700,5.0600,
$2K Northern Trust,2020-08-20T11:56:31.087345,estk_f44a29e40ad18658800e5acffcb2c354,evt_f44a29e40ad18658,Bud Cauley,PGA,60.94,61.33,1,0.01,3.1000,2.9800,4.6300,
$2K Northern Trust,2020-08-20T11:56:31.087379,estk_f44a29e40ad1865840e1350656ce7a59,evt_f44a29e40ad18658,Brian Stuard,PGA,59.61,60.01,1,0.01,2.8000,2.6900,4.3100,
$2K Northern Trust,2020-08-20T11:56:31.087411,estk_f44a29e40ad18658a994dc6df42c2b1e,evt_f44a29e40ad18658,Nate Lashley,PGA,58.24,58.49,2,0.03,2.4300,2.4000,4.0200,
$2K Northern Trust,2020-08-20T12:06:31.563738,estk_f44a29e40ad18658d8f0d69f88d3691a,evt_f44a29e40ad18658,Doc Redman,PGA,65.99,66.33,1,0.01,4.7500,4.4700,6.2600,
$2K Northern Trust,2020-08-20T12:06:31.563747,estk_f44a29e40ad18658439e82932be18fd4,evt_f44a29e40ad18658,Ian Poulter,PGA,65.01,66.41,4,0.04,4.7000,4.1300,5.8800,
$2K Northern Trust,2020-08-20T12:06:31.563763,estk_f44a29e40ad1865891386b499e2742a4,evt_f44a29e40ad18658,Ryan Moore,PGA,66.64,64.97,1,0.04,4.1900,4.7000,5.7600,
$2K Northern Trust,2020-08-20T12:06:31.563775,estk_f44a29e40ad18658467812ddab873919,evt_f44a29e40ad18658,J.T. Poston,PGA,63.77,64.13,1,0.01,3.9400,3.7700,5.4600,
$2K Northern Trust,2020-08-20T12:06:31.563779,estk_f44a29e40ad18658a5e32548021abe19,evt_f44a29e40ad18658,Chez Reavie,PGA,63.09,64.2,3,0.03,3.9300,3.5500,5.2400,
$2K Northern Trust,2020-08-20T12:06:31.563823,estk_f44a29e40ad186583a3fd2efe45d4190,evt_f44a29e40ad18658,Harold Varner III,PGA,62.44,62.57,2,0.03,3.4400,3.3700,5.0600,
$2K Northern Trust,2020-08-20T12:06:31.563827,estk_f44a29e40ad1865837a8104a8070199b,evt_f44a29e40ad18658,Ryan Armour,PGA,63.26,62.73,2,0.04,3.4200,3.5900,5.3100,
$2K Northern Trust,2020-08-20T12:06:31.563863,estk_f44a29e40ad186584be0d7fc77429fae,evt_f44a29e40ad18658,Sepp Straka,PGA,60.39,60.79,1,0.01,2.9700,2.8500,4.5100,
$2K Northern Trust,2020-08-20T12:06:31.563886,estk_f44a29e40ad1865840e1350656ce7a59,evt_f44a29e40ad18658,Brian Stuard,PGA,59.61,59.82,2,0.03,2.7000,2.6900,4.3100,
$2K Northern Trust,2020-08-20T12:06:31.563900,estk_f44a29e40ad18658800e5acffcb2c354,evt_f44a29e40ad18658,Bud Cauley,PGA,60.94,59.11,0,0.03,2.5500,2.9800,4.1100,
$2K Northern Trust,2020-08-20T12:06:31.563915,estk_f44a29e40ad18658edbbe9a8a4e2367d,evt_f44a29e40ad18658,Maverick McNealy,PGA,57.18,58.61,2,0.01,2.4700,2.2200,3.8100,
$2K Northern Trust,2020-08-20T12:06:31.563989,estk_f44a29e40ad18658be7a33b803f85da5,evt_f44a29e40ad18658,Harry Higgs,PGA,51.39,52.88,2,0.01,1.6000,1.5000,3.0400,
$2K Northern Trust,2020-08-20T12:06:31.564011,estk_f44a29e40ad186585936e6a0df92674f,evt_f44a29e40ad18658,Xinjun Zhang,PGA,51.26,51.75,1,0.01,1.4900,1.4800,3.0400,
$2K Northern Trust,2020-08-20T12:16:32.091892,estk_f44a29e40ad186582203f644cb3905c3,evt_f44a29e40ad18658,Jason Day,PGA,68.71,70.02,2,0.01,6.3800,5.5000,8.0100,4.7000
$2K Northern Trust,2020-08-20T12:16:32.091947,estk_f44a29e40ad186586ef252b94400baa3,evt_f44a29e40ad18658,Adam Hadwin,PGA,66.89,67.22,1,0.01,5.1200,4.8000,6.6100,3.5200
$2K Northern Trust,2020-08-20T12:16:32.091958,estk_f44a29e40ad18658e84f621105202612,evt_f44a29e40ad18658,Matt Kuchar,PGA,67.91,66.87,1,0.03,4.9300,5.1900,6.9900,3.9200
$2K Northern Trust,2020-08-20T12:16:32.092002,estk_f44a29e40ad1865891386b499e2742a4,evt_f44a29e40ad18658,Ryan Moore,PGA,66.64,64.64,2,0.06,4.0400,4.7000,5.7600,2.5800
$2K Northern Trust,2020-08-20T12:16:32.092006,estk_f44a29e40ad18658a5e32548021abe19,evt_f44a29e40ad18658,Chez Reavie,PGA,63.09,64.57,4,0.04,4.0200,3.5500,5.2400,2.4600
$2K Northern Trust,2020-08-20T12:16:32.092079,estk_f44a29e40ad1865837a8104a8070199b,evt_f44a29e40ad18658,Ryan Armour,PGA,63.26,61.46,2,0.06,3.0800,3.5900,4.6300,1.9900
$2K Northern Trust,2020-08-20T12:16:32.092104,estk_f44a29e40ad186584be0d7fc77429fae,evt_f44a29e40ad18658,Sepp Straka,PGA,60.39,60.58,2,0.03,2.9000,2.8500,4.5100,4.0100
$2K Northern Trust,2020-08-20T12:16:32.092108,estk_f44a29e40ad18658ae4992823c10a96e,evt_f44a29e40ad18658,Carlos Ortiz,PGA,59.64,60.04,1,0.01,2.8300,2.6900,4.3200,1.2700
$2K Northern Trust,2020-08-20T12:16:32.092117,estk_f44a29e40ad1865840e1350656ce7a59,evt_f44a29e40ad18658,Brian Stuard,PGA,59.61,60.23,3,0.04,2.7900,2.6900,4.3100,1.2400
$2K Northern Trust,2020-08-20T12:16:32.092125,estk_f44a29e40ad18658c084ad91aa7b325e,evt_f44a29e40ad18658,Brendan Steele,PGA,58.82,59.23,1,0.01,2.6300,2.5300,4.1300,1.0800
$2K Northern Trust,2020-08-20T12:16:32.092129,estk_f44a29e40ad18658800e5acffcb2c354,evt_f44a29e40ad18658,Bud Cauley,PGA,60.94,59.5,1,0.04,2.6200,2.9800,4.1000,1.0700
$2K Northern Trust,2020-08-20T12:16:32.092140,estk_f44a29e40ad186580811efeafb376fee,evt_f44a29e40ad18658,Michael Thompson,PGA,58.5,58.91,1,0.01,2.5700,2.4500,4.0800,1.0200
$2K Northern Trust,2020-08-20T12:16:32.092151,estk_f44a29e40ad18658a994dc6df42c2b1e,evt_f44a29e40ad18658,Nate Lashley,PGA,58.24,58.91,3,0.04,2.4800,2.4000,4.0200,
$2K Northern Trust,2020-08-20T12:16:32.092166,estk_f44a29e40ad18658404d8fe8b6d05439,evt_f44a29e40ad18658,Andrew Landry,PGA,57.49,57.92,1,0.01,2.3500,2.2700,3.8600,
$2K Northern Trust,2020-08-20T12:16:32.092194,estk_f44a29e40ad1865801c765712de170ec,evt_f44a29e40ad18658,Sung Kang,PGA,56.79,56.09,1,0.03,2.0000,2.1500,3.7300,
$2K Northern Trust,2020-08-20T12:16:32.092226,estk_f44a29e40ad18658be7a33b803f85da5,evt_f44a29e40ad18658,Harry Higgs,PGA,51.39,52.85,3,0.03,1.6000,1.5000,3.0400,
$2K Northern Trust,2020-08-20T12:16:32.092234,estk_f44a29e40ad186584f70a08a1a272573,evt_f44a29e40ad18658,Talor Gooch,PGA,52.02,52.46,2,0.03,1.5500,1.5500,3.1000,
$2K Northern Trust,2020-08-20T12:16:32.092245,estk_f44a29e40ad186585936e6a0df92674f,evt_f44a29e40ad18658,Xinjun Zhang,PGA,51.26,51.72,2,0.03,1.4900,1.4800,3.0400,
$2K Northern Trust,2020-08-20T12:26:32.539832,estk_f44a29e40ad18658077d445dd9eef8da,evt_f44a29e40ad18658,Patrick Cantlay,PGA,77.93,78.15,1,0.01,10.9500,10.2200,12.3900,9.1800
$2K Northern Trust,2020-08-20T12:26:32.539843,estk_f44a29e40ad18658e0b5b2fc83a00c65,evt_f44a29e40ad18658,Gary Woodland,PGA,74.87,76.12,2,0.01,9.6400,8.4600,11.2600,7.3400
$2K Northern Trust,2020-08-20T12:26:32.539871,estk_f44a29e40ad18658ecdd9ee6a8267442,evt_f44a29e40ad18658,Abraham Ancer,PGA,72.44,73.72,2,0.01,8.2300,7.1700,9.8500,5.9800
$2K Northern Trust,2020-08-20T12:26:32.539897,estk_f44a29e40ad1865833ae0bbc78db2949,evt_f44a29e40ad18658,Dustin Johnson,PGA,70.22,70.52,1,0.01,6.5200,6.1200,8.0300,4.8500
$2K Northern Trust,2020-08-20T12:26:32.539916,estk_f44a29e40ad18658a8b79a109f7cf8a2,evt_f44a29e40ad18658,Byeong Hun An,PGA,68.97,69.28,1,0.01,5.9600,5.6100,7.4500,4.2600
$2K Northern Trust,2020-08-20T12:26:32.539919,estk_f44a29e40ad18658dc1e23aa4cb30164,evt_f44a29e40ad18658,Marc Leishman,PGA,68.7,69.01,1,0.01,5.8100,5.5100,7.3400,4.1500
$2K Northern Trust,2020-08-20T12:26:32.539942,estk_f44a29e40ad18658e84f621105202612,evt_f44a29e40ad18658,Matt Kuchar,PGA,67.91,68.19,3,0.04,5.4200,5.1900,6.5200,3.9200
$2K Northern Trust,2020-08-20T12:26:32.539972,estk_f44a29e40ad18658439e82932be18fd4,evt_f44a29e40ad18658,Ian Poulter,PGA,65.01,67.11,6,0.06,4.9100,4.1300,6.5100,3.1400
$2K Northern Trust,2020-08-20T12:26:32.539992,estk_f44a29e40ad18658d8f0d69f88d3691a,evt_f44a29e40ad18658,Doc Redman,PGA,65.99,66.01,2,0.03,4.5500,4.4700,6.2600,3.1800
$2K Northern Trust,2020-08-20T12:26:32.540000,estk_f44a29e40ad18658a5e32548021abe19,evt_f44a29e40ad18658,Chez Reavie,PGA,63.09,65.3,6,0.06,4.2300,3.5500,5.8100,2.4800
$2K Northern Trust,2020-08-20T12:26:32.540012,estk_f44a29e40ad1865891386b499e2742a4,evt_f44a29e40ad18658,Ryan Moore,PGA,66.64,64.98,3,0.07,4.1100,4.7000,5.7600,2.5800
$2K Northern Trust,2020-08-20T12:26:32.540030,estk_f44a29e40ad18658467812ddab873919,evt_f44a29e40ad18658,J.T. Poston,PGA,63.77,63.86,2,0.03,3.8000,3.7700,5.4600,2.4100
$2K Northern Trust,2020-08-20T12:26:32.540059,estk_f44a29e40ad186583a3fd2efe45d4190,evt_f44a29e40ad18658,Harold Varner III,PGA,62.44,62.94,3,0.04,3.5000,3.3700,5.0600,1.8900
$2K Northern Trust,2020-08-20T12:26:32.540102,estk_f44a29e40ad18658ae4992823c10a96e,evt_f44a29e40ad18658,Carlos Ortiz,PGA,59.64,60.85,3,0.03,2.9600,2.6900,4.3200,1.2700
$2K Northern Trust,2020-08-20T12:26:32.540124,estk_f44a29e40ad186584be0d7fc77429fae,evt_f44a29e40ad18658,Sepp Straka,PGA,60.39,59.97,2,0.04,2.7400,2.8500,4.5100,4.0100
$2K Northern Trust,2020-08-20T12:26:32.540132,estk_f44a29e40ad18658a994dc6df42c2b1e,evt_f44a29e40ad18658,Nate Lashley,PGA,58.24,59.75,5,0.06,2.6400,2.4000,4.0200,
$2K Northern Trust,2020-08-20T12:26:32.540153,estk_f44a29e40ad186580811efeafb376fee,evt_f44a29e40ad18658,Michael Thompson,PGA,58.5,58.74,2,0.03,2.4600,2.4500,4.0800,1.0200
$2K Northern Trust,2020-08-20T12:26:32.540171,estk_f44a29e40ad18658404d8fe8b6d05439,evt_f44a29e40ad18658,Andrew Landry,PGA,57.49,57.77,2,0.03,2.2900,2.2700,3.8600,
$2K Northern Trust,2020-08-20T12:26:32.540175,estk_f44a29e40ad18658edbbe9a8a4e2367d,evt_f44a29e40ad18658,Maverick McNealy,PGA,57.18,57.46,2,0.03,2.2200,2.2200,3.8100,
$2K Northern Trust,2020-08-20T12:26:32.540200,estk_f44a29e40ad1865801c765712de170ec,evt_f44a29e40ad18658,Sung Kang,PGA,56.79,56.52,2,0.04,2.0400,2.1500,3.7300,
$2K Northern Trust,2020-08-20T12:26:32.540232,estk_f44a29e40ad186584f70a08a1a272573,evt_f44a29e40ad18658,Talor Gooch,PGA,52.02,52.94,3,0.04,1.5900,1.5500,3.1000,
$2K Northern Trust,2020-08-20T12:36:33.106499,estk_f44a29e40ad18658385c664e153f199a,evt_f44a29e40ad18658,Rory McIlroy,PGA,74.87,75.12,1,0.01,9.0200,8.4400,10.5400,7.3100
$2K Northern Trust,2020-08-20T12:36:33.106516,estk_f44a29e40ad18658ecdd9ee6a8267442,evt_f44a29e40ad18658,Abraham Ancer,PGA,72.44,73.27,3,0.03,7.9400,7.1700,9.8500,5.9800
$2K Northern Trust,2020-08-20T12:36:33.106527,estk_f44a29e40ad18658c2291b803160b17e,evt_f44a29e40ad18658,Daniel Berger,PGA,71.55,71.83,1,0.01,7.1900,6.7600,8.7100,5.5100
$2K Northern Trust,2020-08-20T12:36:33.106538,estk_f44a29e40ad1865833ae0bbc78db2949,evt_f44a29e40ad18658,Dustin Johnson,PGA,70.22,71.11,3,0.03,6.7800,6.1200,8.0300,4.8500
$2K Northern Trust,2020-08-20T12:36:33.106553,estk_f44a29e40ad186582203f644cb3905c3,evt_f44a29e40ad18658,Jason Day,PGA,68.71,69.65,3,0.03,6.0500,5.5000,8.0100,4.7500
$2K Northern Trust,2020-08-20T12:36:33.106576,estk_f44a29e40ad18658dc1e23aa4cb30164,evt_f44a29e40ad18658,Marc Leishman,PGA,68.7,68.64,2,0.03,5.6000,5.5100,7.3400,4.1500
$2K Northern Trust,2020-08-20T12:36:33.106580,estk_f44a29e40ad1865856ab6ba90ba02e56,evt_f44a29e40ad18658,Joaquin Niemann,PGA,67.09,68.42,2,0.01,5.5600,4.8600,7.1600,3.5000
$2K Northern Trust,2020-08-20T12:36:33.106621,estk_f44a29e40ad186586ef252b94400baa3,evt_f44a29e40ad18658,Adam Hadwin,PGA,66.89,66.88,2,0.03,4.8500,4.8000,6.6100,3.5200
$2K Northern Trust,2020-08-20T12:36:33.106628,estk_f44a29e40ad18658d8f0d69f88d3691a,evt_f44a29e40ad18658,Doc Redman,PGA,65.99,66.35,3,0.04,4.6800,4.4700,6.2600,3.1800
$2K Northern Trust,2020-08-20T12:36:33.106644,estk_f44a29e40ad18658a5e32548021abe19,evt_f44a29e40ad18658,Chez Reavie,PGA,63.09,65.67,7,0.07,4.3800,3.5500,5.8100,2.4800
$2K Northern Trust,2020-08-20T12:36:33.106648,estk_f44a29e40ad186583544479351e1ff63,evt_f44a29e40ad18658,Billy Horschel,PGA,63.88,65.24,2,0.01,4.3100,3.7700,5.5000,2.3400
$2K Northern Trust,2020-08-20T12:36:33.106652,estk_f44a29e40ad186581ca8635140548cc5,evt_f44a29e40ad18658,Harris English,PGA,64.79,65.14,1,0.01,4.2900,4.0700,5.7800,2.6500
$2K Northern Trust,2020-08-20T12:36:33.106668,estk_f44a29e40ad18658467812ddab873919,evt_f44a29e40ad18658,J.T. Poston,PGA,63.77,64.22,3,0.04,3.9000,3.7700,5.4600,2.4100
$2K Northern Trust,2020-08-20T12:36:33.106708,estk_f44a29e40ad186584fd2025821f57a83,evt_f44a29e40ad18658,Brendon Todd,PGA,61.98,62.36,1,0.01,3.4000,3.2400,4.9400,1.7700
$2K Northern Trust,2020-08-20T12:36:33.106712,estk_f44a29e40ad186583a3fd2efe45d4190,evt_f44a29e40ad18658,Harold Varner III,PGA,62.44,62.69,4,0.06,3.3900,3.3700,5.0600,1.8900
$2K Northern Trust,2020-08-20T12:36:33.106759,estk_f44a29e40ad1865837a8104a8070199b,evt_f44a29e40ad18658,Ryan Armour,PGA,63.26,60.83,2,0.07,2.8600,3.5900,4.6300,1.9900
$2K Northern Trust,2020-08-20T12:36:33.106771,estk_f44a29e40ad1865840e1350656ce7a59,evt_f44a29e40ad18658,Brian Stuard,PGA,59.61,60.03,4,0.06,2.7000,2.6900,4.3100,1.2400
$2K Northern Trust,2020-08-20T12:36:33.106790,estk_f44a29e40ad18658800e5acffcb2c354,evt_f44a29e40ad18658,Bud Cauley,PGA,60.94,59.28,2,0.06,2.5400,2.9800,4.1000,1.0800
$2K Northern Trust,2020-08-20T12:36:33.106793,estk_f44a29e40ad18658c084ad91aa7b325e,evt_f44a29e40ad18658,Brendan Steele,PGA,58.82,59.06,2,0.03,2.5300,2.5300,4.1300,1.0900
$2K Northern Trust,2020-08-20T12:36:33.106819,estk_f44a29e40ad18658edbbe9a8a4e2367d,evt_f44a29e40ad18658,Maverick McNealy,PGA,57.18,57.89,3,0.04,2.3000,2.2200,3.8100,
$2K Northern Trust,2020-08-20T12:36:33.106837,estk_f44a29e40ad1865801c765712de170ec,evt_f44a29e40ad18658,Sung Kang,PGA,56.79,57.38,4,0.06,2.1500,2.1500,3.7300,
$2K Northern Trust,2020-08-20T12:36:33.106887,estk_f44a29e40ad18658be7a33b803f85da5,evt_f44a29e40ad18658,Harry Higgs,PGA,51.39,52.33,3,0.04,1.5300,1.5000,3.0400,
$2K Northern Trust,2020-08-20T12:36:33.106895,estk_f44a29e40ad186585936e6a0df92674f,evt_f44a29e40ad18658,Xinjun Zhang,PGA,51.26,52.21,3,0.04,1.5000,1.4800,3.0400,
$2K Northern Trust,2020-08-20T12:46:33.633048,estk_f44a29e40ad18658f659aa7b5b2176ee,evt_f44a29e40ad18658,Collin Morikawa,PGA,78.58,78.79,1,0.01,11.3600,10.5200,12.8900,9.6000
$2K Northern Trust,2020-08-20T12:46:33.633082,estk_f44a29e40ad18658077d445dd9eef8da,evt_f44a29e40ad18658,Patrick Cantlay,PGA,77.93,78.59,3,0.03,11.2100,10.2200,12.9200,9.1800
$2K Northern Trust,2020-08-20T12:46:33.633088,estk_f44a29e40ad18658503f60443b3bd112,evt_f44a29e40ad18658,Webb Simpson,PGA,76.61,76.84,1,0.01,10.1000,9.4000,11.5700,8.3800
$2K Northern Trust,2020-08-20T12:46:33.633100,estk_f44a29e40ad18658e0b5b2fc83a00c65,evt_f44a29e40ad18658,Gary Woodland,PGA,74.87,75.62,3,0.03,9.3000,8.4600,11.2600,7.3400
$2K Northern Trust,2020-08-20T12:46:33.633113,estk_f44a29e40ad18658385c664e153f199a,evt_f44a29e40ad18658,Rory McIlroy,PGA,74.87,74.62,2,0.03,8.7200,8.4400,10.5400,7.3100
$2K Northern Trust,2020-08-20T12:46:33.633117,estk_f44a29e40ad186586e48ec89ea29f9f8,evt_f44a29e40ad18658,Justin Thomas,PGA,74.23,74.49,1,0.01,8.6500,8.1200,10.1300,6.9500
$2K Northern Trust,2020-08-20T12:46:33.633128,estk_f44a29e40ad18658fe200133ec8a6c41,evt_f44a29e40ad18658,Tyrrell Hatton,PGA,71.22,72.51,2,0.01,7.5700,6.6000,9.1800,5.3400
$2K Northern Trust,2020-08-20T12:46:33.633136,estk_f44a29e40ad1865833ae0bbc78db2949,evt_f44a29e40ad18658,Dustin Johnson,PGA,70.22,72.41,5,0.04,7.4200,6.1200,9.0700,
$2K Northern Trust,2020-08-20T12:46:33.633143,estk_f44a29e40ad18658c2291b803160b17e,evt_f44a29e40ad18658,Daniel Berger,PGA,71.55,71.4,2,0.03,6.9800,6.7600,8.7100,5.5100
$2K Northern Trust,2020-08-20T12:46:33.633166,estk_f44a29e40ad186582203f644cb3905c3,evt_f44a29e40ad18658,Jason Day,PGA,68.71,68.96,3,0.04,5.7200,5.5000,7.3300,4.7500
$2K Northern Trust,2020-08-20T12:46:33.633170,estk_f44a29e40ad18658e84f621105202612,evt_f44a29e40ad18658,Matt Kuchar,PGA,67.91,68.84,5,0.06,5.6700,5.1900,7.0200,4.0100
$2K Northern Trust,2020-08-20T12:46:33.633203,estk_f44a29e40ad18658a8b79a109f7cf8a2,evt_f44a29e40ad18658,Byeong Hun An,PGA,68.97,67.9,1,0.03,5.3100,5.6100,6.9200,4.2600
$2K Northern Trust,2020-08-20T12:46:33.633217,estk_f44a29e40ad18658439e82932be18fd4,evt_f44a29e40ad18658,Ian Poulter,PGA,65.01,67.46,7,0.07,5.0300,4.1300,6.5100,3.1400
$2K Northern Trust,2020-08-20T12:46:33.633225,estk_f44a29e40ad186586ef252b94400baa3,evt_f44a29e40ad18658,Adam Hadwin,PGA,66.89,67.21,3,0.04,4.9900,4.8000,6.6100,3.5200
$2K Northern Trust,2020-08-20T12:46:33.633265,estk_f44a29e40ad1865891386b499e2742a4,evt_f44a29e40ad18658,Ryan Moore,PGA,66.64,64.98,5,0.1,4.0600,4.7000,5.7600,2.5800
$2K Northern Trust,2020-08-20T12:46:33.633308,estk_f44a29e40ad186583a3fd2efe45d4190,evt_f44a29e40ad18658,Harold Varner III,PGA,62.44,63.07,5,0.07,3.4900,3.3700,5.0600,1.8900
$2K Northern Trust,2020-08-20T12:46:33.633319,estk_f44a29e40ad186584fd2025821f57a83,evt_f44a29e40ad18658,Brendon Todd,PGA,61.98,62.12,2,0.03,3.2900,3.2400,4.9400,1.7700
$2K Northern Trust,2020-08-20T12:46:33.633348,estk_f44a29e40ad1865837a8104a8070199b,evt_f44a29e40ad18658,Ryan Armour,PGA,63.26,61.2,3,0.08,2.9400,3.5900,4.6300,1.9900
$2K Northern Trust,2020-08-20T12:46:33.633362,estk_f44a29e40ad18658c084ad91aa7b325e,evt_f44a29e40ad18658,Brendan Steele,PGA,58.82,60.47,4,0.04,2.8400,2.5300,4.1300,1.0900
$2K Northern Trust,2020-08-20T12:46:33.633370,estk_f44a29e40ad18658ae4992823c10a96e,evt_f44a29e40ad18658,Carlos Ortiz,PGA,59.64,60.25,3,0.04,2.7700,2.6900,4.3200,1.2700
$2K Northern Trust,2020-08-20T12:46:33.633378,estk_f44a29e40ad18658a994dc6df42c2b1e,evt_f44a29e40ad18658,Nate Lashley,PGA,58.24,60.16,6,0.07,2.6900,2.4000,4.0200,3.5200
$2K Northern Trust,2020-08-20T12:46:33.633381,estk_f44a29e40ad18658d3debc630a5f6602,evt_f44a29e40ad18658,Cameron Champ,PGA,59.08,59.49,1,0.01,2.6500,2.5700,4.1900,1.6700
$2K Northern Trust,2020-08-20T12:46:33.633385,estk_f44a29e40ad186584be0d7fc77429fae,evt_f44a29e40ad18658,Sepp Straka,PGA,60.39,59.77,3,0.06,2.6300,2.8500,4.5100,4.0100
$2K Northern Trust,2020-08-20T12:46:33.633410,estk_f44a29e40ad186580811efeafb376fee,evt_f44a29e40ad18658,Michael Thompson,PGA,58.5,58.16,2,0.04,2.3300,2.4500,4.0800,1.0200
$2K Northern Trust,2020-08-20T12:46:33.633439,estk_f44a29e40ad18658404d8fe8b6d05439,evt_f44a29e40ad18658,Andrew Landry,PGA,57.49,57.19,2,0.04,2.1500,2.2700,3.8600,
$2K Northern Trust,2020-08-20T12:46:33.633484,estk_f44a29e40ad186584f70a08a1a272573,evt_f44a29e40ad18658,Talor Gooch,PGA,52.02,52.9,4,0.06,1.5400,1.5500,3.1000,
$2K Northern Trust,2020-08-20T12:46:33.633495,estk_f44a29e40ad18658be7a33b803f85da5,evt_f44a29e40ad18658,Harry Higgs,PGA,51.39,52.31,4,0.06,1.4900,1.5000,3.0400,
$2K Northern Trust,2020-08-20T12:46:33.633499,estk_f44a29e40ad186585936e6a0df92674f,evt_f44a29e40ad18658,Xinjun Zhang,PGA,51.26,52.18,4,0.06,1.4800,1.4800,3.0400,
$2K Northern Trust,2020-08-20T12:46:33.633503,estk_f44a29e40ad18658a9cf9571ae8d1395,evt_f44a29e40ad18658,Adam Long,PGA,50.76,51.25,1,0.01,1.4500,1.4500,2.9900,
$2K Northern Trust,2020-08-20T12:56:33.854713,estk_f44a29e40ad18658f659aa7b5b2176ee,evt_f44a29e40ad18658,Collin Morikawa,PGA,78.58,79.22,3,0.03,11.7300,10.5200,12.8900,9.6200
$2K Northern Trust,2020-08-20T12:56:33.854744,estk_f44a29e40ad18658077d445dd9eef8da,evt_f44a29e40ad18658,Patrick Cantlay,PGA,77.93,78.81,4,0.04,11.4900,10.2200,12.9200,9.5100
$2K Northern Trust,2020-08-20T12:56:33.854749,estk_f44a29e40ad18658503f60443b3bd112,evt_f44a29e40ad18658,Webb Simpson,PGA,76.61,76.31,2,0.03,9.8100,9.4000,11.5700,8.4000
$2K Northern Trust,2020-08-20T12:56:33.854754,estk_f44a29e40ad18658e0b5b2fc83a00c65,evt_f44a29e40ad18658,Gary Woodland,PGA,74.87,75.88,4,0.04,9.5200,8.4600,11.2600,7.5900
$2K Northern Trust,2020-08-20T12:56:33.854779,estk_f44a29e40ad186586e48ec89ea29f9f8,evt_f44a29e40ad18658,Justin Thomas,PGA,74.23,74,2,0.03,8.3600,8.1200,10.1300,6.9500
$2K Northern Trust,2020-08-20T12:56:33.854782,estk_f44a29e40ad18658514f8f232f286c88,evt_f44a29e40ad18658,Tiger Woods,PGA,72.43,72.71,1,0.01,7.7000,7.1700,9.1300,5.9600
$2K Northern Trust,2020-08-20T12:56:33.854791,estk_f44a29e40ad18658ecdd9ee6a8267442,evt_f44a29e40ad18658,Abraham Ancer,PGA,72.44,72.54,3,0.04,7.5400,7.1700,9.8500,6.2600
$2K Northern Trust,2020-08-20T12:56:33.854817,estk_f44a29e40ad18658275b00a4c6134775,evt_f44a29e40ad18658,Rickie Fowler,PGA,68.49,69.81,2,0.01,6.1700,5.4100,7.2800,4.5500
$2K Northern Trust,2020-08-20T12:56:33.854828,estk_f44a29e40ad1865856ab6ba90ba02e56,evt_f44a29e40ad18658,Joaquin Niemann,PGA,67.09,69.08,4,0.03,5.8000,4.8600,7.1600,3.5000
$2K Northern Trust,2020-08-20T12:56:33.854835,estk_f44a29e40ad18658bf5c4810745af2e6,evt_f44a29e40ad18658,Matthew Fitzpatrick,PGA,68.43,68.75,1,0.01,5.7000,5.3800,7.2400,4.0400
$2K Northern Trust,2020-08-20T12:56:33.854843,estk_f44a29e40ad18658439e82932be18fd4,evt_f44a29e40ad18658,Ian Poulter,PGA,65.01,68.81,9,0.08,5.5600,4.1300,6.5300,3.4400
$2K Northern Trust,2020-08-20T12:56:33.854850,estk_f44a29e40ad18658a8b79a109f7cf8a2,evt_f44a29e40ad18658,Byeong Hun An,PGA,68.97,68.21,2,0.04,5.4200,5.6100,6.9200,4.2600
$2K Northern Trust,2020-08-20T12:56:33.854857,estk_f44a29e40ad18658e84f621105202612,evt_f44a29e40ad18658,Matt Kuchar,PGA,67.91,68.16,5,0.07,5.3200,5.1900,7.0200,4.0100
$2K Northern Trust,2020-08-20T12:56:33.854865,estk_f44a29e40ad18658dc1e23aa4cb30164,evt_f44a29e40ad18658,Marc Leishman,PGA,68.7,67.95,2,0.04,5.2700,5.5100,7.3400,4.1500
$2K Northern Trust,2020-08-20T12:56:33.854890,estk_f44a29e40ad186581ca8635140548cc5,evt_f44a29e40ad18658,Harris English,PGA,64.79,66.85,4,0.03,4.8400,4.0700,5.7800,2.6500
$2K Northern Trust,2020-08-20T12:56:33.854905,estk_f44a29e40ad186583544479351e1ff63,evt_f44a29e40ad18658,Billy Horschel,PGA,63.88,65.96,4,0.03,4.5400,3.7700,5.5000,2.9500
$2K Northern Trust,2020-08-20T12:56:33.854912,estk_f44a29e40ad18658d8f0d69f88d3691a,evt_f44a29e40ad18658,Doc Redman,PGA,65.99,66.03,4,0.06,4.4700,4.4700,6.2600,3.1800
$2K Northern Trust,2020-08-20T12:56:33.854916,estk_f44a29e40ad18658a5e32548021abe19,evt_f44a29e40ad18658,Chez Reavie,PGA,63.09,66.04,8,0.08,4.4400,3.5500,5.8100,2.7600
$2K Northern Trust,2020-08-20T12:56:33.854924,estk_f44a29e40ad18658467812ddab873919,evt_f44a29e40ad18658,J.T. Poston,PGA,63.77,64.94,5,0.06,4.0900,3.7700,5.4600,2.4100
$2K Northern Trust,2020-08-20T12:56:33.855001,estk_f44a29e40ad18658231a4d3b434acb3f,evt_f44a29e40ad18658,Dylan Frittelli,PGA,60.54,60.93,1,0.01,2.9800,2.8900,4.5200,2.0400
$2K Northern Trust,2020-08-20T12:56:33.855015,estk_f44a29e40ad1865837a8104a8070199b,evt_f44a29e40ad18658,Ryan Armour,PGA,63.26,60.93,4,0.1,2.8100,3.5900,4.6300,1.9900
$2K Northern Trust,2020-08-20T12:56:33.855022,estk_f44a29e40ad18658a994dc6df42c2b1e,evt_f44a29e40ad18658,Nate Lashley,PGA,58.24,60.58,7,0.08,2.7700,2.4000,4.0200,
$2K Northern Trust,2020-08-20T12:56:33.855030,estk_f44a29e40ad1865840e1350656ce7a59,evt_f44a29e40ad18658,Brian Stuard,PGA,59.61,60.44,5,0.07,2.7300,2.6900,4.3100,1.2400
$2K Northern Trust,2020-08-20T12:56:33.855034,estk_f44a29e40ad18658ae4992823c10a96e,evt_f44a29e40ad18658,Carlos Ortiz,PGA,59.64,60.06,4,0.06,2.6700,2.6900,4.3200,1.2700
$2K Northern Trust,2020-08-20T12:56:33.855048,estk_f44a29e40ad18658800e5acffcb2c354,evt_f44a29e40ad18658,Bud Cauley,PGA,60.94,59.67,3,0.07,2.5600,2.9800,4.1000,1.0800
$2K Northern Trust,2020-08-20T12:56:33.855073,estk_f44a29e40ad1865801c765712de170ec,evt_f44a29e40ad18658,Sung Kang,PGA,56.79,57.81,5,0.07,2.1900,2.1500,3.7300,
$2K Northern Trust,2020-08-20T12:56:33.855077,estk_f44a29e40ad18658edbbe9a8a4e2367d,evt_f44a29e40ad18658,Maverick McNealy,PGA,57.18,57.75,4,0.06,2.1800,2.2200,3.8100,
$2K Northern Trust,2020-08-20T12:56:33.855091,estk_f44a29e40ad18658a0281ba5dadc7019,evt_f44a29e40ad18658,Matt Jones,PGA,56.56,56.99,1,0.01,2.1400,2.1200,3.6900,
$2K Northern Trust,2020-08-20T12:56:33.855095,estk_f44a29e40ad18658404d8fe8b6d05439,evt_f44a29e40ad18658,Andrew Landry,PGA,57.49,57.04,3,0.06,2.0700,2.2700,3.8600,
$2K Northern Trust,2020-08-20T12:56:33.855098,estk_f44a29e40ad186580811efeafb376fee,evt_f44a29e40ad18658,Michael Thompson,PGA,58.5,56.99,2,0.06,2.0500,2.4500,4.0800,1.0200
$2K Northern Trust,2020-08-20T12:56:33.855126,estk_f44a29e40ad186584f70a08a1a272573,evt_f44a29e40ad18658,Talor Gooch,PGA,52.02,54.38,6,0.07,1.6800,1.5500,3.1000,
$2K Northern Trust,2020-08-20T12:56:33.855158,estk_f44a29e40ad18658f94b7e5eca9035c7,evt_f44a29e40ad18658,Cameron Tringale,PGA,49.93,51.43,2,0.01,1.4500,1.3900,2.9200,
$2K Northern Trust,2020-08-20T13:06:34.485402,estk_f44a29e40ad18658385c664e153f199a,evt_f44a29e40ad18658,Rory McIlroy,PGA,74.87,73.88,2,0.04,8.3100,8.4400,10.5400,7.3100
$2K Northern Trust,2020-08-20T13:06:34.485408,estk_f44a29e40ad18658fe200133ec8a6c41,evt_f44a29e40ad18658,Tyrrell Hatton,PGA,71.22,73.08,4,0.03,7.8400,6.6000,9.1800,5.3400
$2K Northern Trust,2020-08-20T13:06:34.485412,estk_f44a29e40ad18658db5881f101cec470,evt_f44a29e40ad18658,Justin Rose,PGA,72.15,72.43,1,0.01,7.5000,7.0500,9.0500,5.8000
$2K Northern Trust,2020-08-20T13:06:34.485417,estk_f44a29e40ad18658514f8f232f286c88,evt_f44a29e40ad18658,Tiger Woods,PGA,72.43,72.26,2,0.03,7.3900,7.1700,9.1300,5.9600
$2K Northern Trust,2020-08-20T13:06:34.485421,estk_f44a29e40ad18658ecdd9ee6a8267442,evt_f44a29e40ad18658,Abraham Ancer,PGA,72.44,72.09,4,0.06,7.2300,7.1700,9.1900,6.2600
$2K Northern Trust,2020-08-20T13:06:34.485426,estk_f44a29e40ad1865833ae0bbc78db2949,evt_f44a29e40ad18658,Dustin Johnson,PGA,70.22,72.01,6,0.06,7.1900,6.1200,9.0700,5.7900
$2K Northern Trust,2020-08-20T13:06:34.485430,estk_f44a29e40ad18658c2291b803160b17e,evt_f44a29e40ad18658,Daniel Berger,PGA,71.55,71.69,3,0.04,7.0800,6.7600,8.7100,5.5100
$2K Northern Trust,2020-08-20T13:06:34.485437,estk_f44a29e40ad186583116b24358a8f507,evt_f44a29e40ad18658,Louis Oosthuizen,PGA,69.85,71.15,2,0.01,6.8600,5.9900,7.8800,5.2200
$2K Northern Trust,2020-08-20T13:06:34.485456,estk_f44a29e40ad1865856ab6ba90ba02e56,evt_f44a29e40ad18658,Joaquin Niemann,PGA,67.09,69.41,5,0.04,5.9400,4.8600,7.1600,3.5000
$2K Northern Trust,2020-08-20T13:06:34.485460,estk_f44a29e40ad18658e84f621105202612,evt_f44a29e40ad18658,Matt Kuchar,PGA,67.91,69.48,7,0.08,5.9000,5.1900,7.0200,4.0100
$2K Northern Trust,2020-08-20T13:06:34.485472,estk_f44a29e40ad186582203f644cb3905c3,evt_f44a29e40ad18658,Jason Day,PGA,68.71,68.59,4,0.06,5.5400,5.5000,7.3300,4.7500
$2K Northern Trust,2020-08-20T13:06:34.485476,estk_f44a29e40ad18658bf5c4810745af2e6,evt_f44a29e40ad18658,Matthew Fitzpatrick,PGA,68.43,68.38,2,0.03,5.4600,5.3800,7.2400,4.0400
$2K Northern Trust,2020-08-20T13:06:34.485491,estk_f44a29e40ad186581ca8635140548cc5,evt_f44a29e40ad18658,Harris English,PGA,64.79,68.2,6,0.04,5.3800,4.0700,6.4400,2.6500
$2K Northern Trust,2020-08-20T13:06:34.485516,estk_f44a29e40ad186586ef252b94400baa3,evt_f44a29e40ad18658,Adam Hadwin,PGA,66.89,66.88,4,0.06,4.8000,4.8000,6.6100,3.5200
$2K Northern Trust,2020-08-20T13:06:34.485524,estk_f44a29e40ad18658dc1e23aa4cb30164,evt_f44a29e40ad18658,Marc Leishman,PGA,68.7,66.58,2,0.06,4.7100,5.5100,7.3400,4.1500
$2K Northern Trust,2020-08-20T13:06:34.485528,estk_f44a29e40ad186583544479351e1ff63,evt_f44a29e40ad18658,Billy Horschel,PGA,63.88,66.32,5,0.04,4.6500,3.7700,6.1300,2.9500
$2K Northern Trust,2020-08-20T13:06:34.485539,estk_f44a29e40ad18658d8f0d69f88d3691a,evt_f44a29e40ad18658,Doc Redman,PGA,65.99,66.37,5,0.07,4.6100,4.4700,6.2600,3.1800
$2K Northern Trust,2020-08-20T13:06:34.485547,estk_f44a29e40ad18658727afcd55bf28e15,evt_f44a29e40ad18658,Brandt Snedeker,PGA,65.76,65.1,0,0.01,4.2200,4.3900,6.1700,2.9600
$2K Northern Trust,2020-08-20T13:06:34.485551,estk_f44a29e40ad18658467812ddab873919,evt_f44a29e40ad18658,J.T. Poston,PGA,63.77,65.31,6,0.07,4.1700,3.7700,5.4600,2.5100
$2K Northern Trust,2020-08-20T13:06:34.485601,estk_f44a29e40ad186584fd2025821f57a83,evt_f44a29e40ad18658,Brendon Todd,PGA,61.98,62.5,3,0.04,3.3500,3.2400,4.9400,1.7700
$2K Northern Trust,2020-08-20T13:06:34.485608,estk_f44a29e40ad186583a3fd2efe45d4190,evt_f44a29e40ad18658,Harold Varner III,PGA,62.44,62.44,5,0.08,3.2400,3.3700,5.0600,1.9000
$2K Northern Trust,2020-08-20T13:06:34.485630,estk_f44a29e40ad18658c084ad91aa7b325e,evt_f44a29e40ad18658,Brendan Steele,PGA,58.82,61.29,6,0.06,2.9900,2.5300,4.1300,1.2700
$2K Northern Trust,2020-08-20T13:06:34.485644,estk_f44a29e40ad1865837a8104a8070199b,evt_f44a29e40ad18658,Ryan Armour,PGA,63.26,61.3,5,0.11,2.9100,3.5900,4.6300,1.8700
$2K Northern Trust,2020-08-20T13:06:34.485648,estk_f44a29e40ad18658231a4d3b434acb3f,evt_f44a29e40ad18658,Dylan Frittelli,PGA,60.54,60.72,2,0.03,2.9000,2.8900,4.5200,2.0400
$2K Northern Trust,2020-08-20T13:06:34.485655,estk_f44a29e40ad1865840e1350656ce7a59,evt_f44a29e40ad18658,Brian Stuard,PGA,59.61,60.84,6,0.08,2.8300,2.6900,4.3100,1.2400
$2K Northern Trust,2020-08-20T13:06:34.485671,estk_f44a29e40ad18658800e5acffcb2c354,evt_f44a29e40ad18658,Bud Cauley,PGA,60.94,60.06,4,0.08,2.6600,2.9800,4.1000,1.0800
$2K Northern Trust,2020-08-20T13:06:34.485682,estk_f44a29e40ad186584be0d7fc77429fae,evt_f44a29e40ad18658,Sepp Straka,PGA,60.39,59.16,3,0.07,2.4500,2.8500,4.5100,1.4200
$2K Northern Trust,2020-08-20T13:06:34.485685,estk_f44a29e40ad186584a18d062074b38a6,evt_f44a29e40ad18658,Scott Brown,PGA,59.31,58.72,0,0.01,2.4500,2.6200,4.2200,1.2300
$2K Northern Trust,2020-08-20T13:06:34.485693,estk_f44a29e40ad18658d3debc630a5f6602,evt_f44a29e40ad18658,Cameron Champ,PGA,59.08,58.31,1,0.03,2.3600,2.5700,4.1900,1.0700
$2K Northern Trust,2020-08-20T13:06:34.485707,estk_f44a29e40ad18658edbbe9a8a4e2367d,evt_f44a29e40ad18658,Maverick McNealy,PGA,57.18,58.18,5,0.07,2.2700,2.2200,3.8100,1.2100
$2K Northern Trust,2020-08-20T13:06:34.485778,estk_f44a29e40ad18658be7a33b803f85da5,evt_f44a29e40ad18658,Harry Higgs,PGA,51.39,52.79,5,0.07,1.5100,1.5000,3.0400,
$2K Northern Trust,2020-08-20T13:06:34.485781,estk_f44a29e40ad18658a9cf9571ae8d1395,evt_f44a29e40ad18658,Adam Long,PGA,50.76,52.24,3,0.03,1.5000,1.4500,2.9900,
$2K Northern Trust,2020-08-20T13:06:34.485796,estk_f44a29e40ad186585936e6a0df92674f,evt_f44a29e40ad18658,Xinjun Zhang,PGA,51.26,51.67,4,0.07,1.4200,1.4800,3.0400,
$2K Northern Trust,2020-08-20T13:16:35.085065,estk_f44a29e40ad18658f659aa7b5b2176ee,evt_f44a29e40ad18658,Collin Morikawa,PGA,78.58,79.44,4,0.04,11.8100,10.5200,13.4600,10.0800
$2K Northern Trust,2020-08-20T13:16:35.085097,estk_f44a29e40ad18658077d445dd9eef8da,evt_f44a29e40ad18658,Patrick Cantlay,PGA,77.93,79.25,6,0.06,11.6900,10.2200,12.9200,9.9500
$2K Northern Trust,2020-08-20T13:16:35.085107,estk_f44a29e40ad18658503f60443b3bd112,evt_f44a29e40ad18658,Webb Simpson,PGA,76.61,75.55,2,0.04,9.3000,9.4000,10.9600,8.3200
$2K Northern Trust,2020-08-20T13:16:35.085116,estk_f44a29e40ad18658e0b5b2fc83a00c65,evt_f44a29e40ad18658,Gary Woodland,PGA,74.87,75.38,5,0.06,9.1700,8.4600,11.2600,7.8300
$2K Northern Trust,2020-08-20T13:16:35.085124,estk_f44a29e40ad18658fe200133ec8a6c41,evt_f44a29e40ad18658,Tyrrell Hatton,PGA,71.22,74.37,6,0.04,8.6100,6.6000,10.2300,6.1700
$2K Northern Trust,2020-08-20T13:16:35.085128,estk_f44a29e40ad186586e48ec89ea29f9f8,evt_f44a29e40ad18658,Justin Thomas,PGA,74.23,74.26,3,0.04,8.4500,8.1200,10.1300,6.9500
$2K Northern Trust,2020-08-20T13:16:35.085140,estk_f44a29e40ad18658385c664e153f199a,evt_f44a29e40ad18658,Rory McIlroy,PGA,74.87,72.38,2,0.06,7.4100,8.4400,9.0400,6.1700
$2K Northern Trust,2020-08-20T13:16:35.085166,estk_f44a29e40ad186583116b24358a8f507,evt_f44a29e40ad18658,Louis Oosthuizen,PGA,69.85,70.75,3,0.03,6.6300,5.9900,8.4300,5.2200
$2K Northern Trust,2020-08-20T13:16:35.085177,estk_f44a29e40ad18658275b00a4c6134775,evt_f44a29e40ad18658,Rickie Fowler,PGA,68.49,69.44,3,0.03,5.9900,5.4100,7.7900,4.5500
$2K Northern Trust,2020-08-20T13:16:35.085189,estk_f44a29e40ad18658a8b79a109f7cf8a2,evt_f44a29e40ad18658,Byeong Hun An,PGA,68.97,68.83,4,0.06,5.6100,5.6100,6.9200,4.2600
$2K Northern Trust,2020-08-20T13:16:35.085211,estk_f44a29e40ad18658439e82932be18fd4,evt_f44a29e40ad18658,Ian Poulter,PGA,65.01,68.51,10,0.1,5.4000,4.1300,7.1700,4.0000
$2K Northern Trust,2020-08-20T13:16:35.085233,estk_f44a29e40ad186588e366112314840d7,evt_f44a29e40ad18658,Keegan Bradley,PGA,66.67,67,1,0.01,4.9500,4.7100,6.5000,3.3700
$2K Northern Trust,2020-08-20T13:16:35.085237,estk_f44a29e40ad186586ef252b94400baa3,evt_f44a29e40ad18658,Adam Hadwin,PGA,66.89,67.21,5,0.07,4.8800,4.8000,6.6100,3.5200
$2K Northern Trust,2020-08-20T13:16:35.085245,estk_f44a29e40ad186581fc545ba8ac8cb0b,evt_f44a29e40ad18658,Rory Sabbatini,PGA,66.15,66.49,1,0.01,4.7300,4.5200,6.2600,3.1700
$2K Northern Trust,2020-08-20T13:16:35.085264,estk_f44a29e40ad186582ab98d8a9a770fd5,evt_f44a29e40ad18658,Jordan Spieth,PGA,67.41,65.74,-1,0.01,4.4700,4.9700,6.0500,3.6200
$2K Northern Trust,2020-08-20T13:16:35.085267,estk_f44a29e40ad18658a5e32548021abe19,evt_f44a29e40ad18658,Chez Reavie,PGA,63.09,65.78,9,0.1,4.3100,3.5500,5.8100,2.8700
$2K Northern Trust,2020-08-20T13:16:35.085271,estk_f44a29e40ad18658f0b722aa359b7f95,evt_f44a29e40ad18658,Scott Piercy,PGA,63.7,65.06,2,0.01,4.2200,3.7300,5.4500,2.6600
$2K Northern Trust,2020-08-20T13:16:35.085276,estk_f44a29e40ad18658e71bc53e996275e5,evt_f44a29e40ad18658,Brian Gay,PGA,64.67,65.02,1,0.01,4.2000,4.0200,5.7600,2.6200
$2K Northern Trust,2020-08-20T13:16:35.085284,estk_f44a29e40ad18658727afcd55bf28e15,evt_f44a29e40ad18658,Brandt Snedeker,PGA,65.76,64.79,1,0.03,4.1000,4.3900,6.1700,2.9600
$2K Northern Trust,2020-08-20T13:16:35.085327,estk_f44a29e40ad1865833cbfa0bc2c99848,evt_f44a29e40ad18658,Charley Hoffman,PGA,61.13,62.52,2,0.01,3.3900,3.0300,4.6600,1.8300
$2K Northern Trust,2020-08-20T13:16:35.085332,estk_f44a29e40ad18658c084ad91aa7b325e,evt_f44a29e40ad18658,Brendan Steele,PGA,58.82,62.7,8,0.07,3.3500,2.5300,4.9000,1.4400
$2K Northern Trust,2020-08-20T13:16:35.085354,estk_f44a29e40ad186583a3fd2efe45d4190,evt_f44a29e40ad18658,Harold Varner III,PGA,62.44,62.2,6,0.1,3.1600,3.3700,5.0600,1.9000
$2K Northern Trust,2020-08-20T13:16:35.085382,estk_f44a29e40ad18658800e5acffcb2c354,evt_f44a29e40ad18658,Bud Cauley,PGA,60.94,60.85,6,0.1,2.8000,2.9800,4.1000,1.1100
$2K Northern Trust,2020-08-20T13:16:35.085386,estk_f44a29e40ad18658ae4992823c10a96e,evt_f44a29e40ad18658,Carlos Ortiz,PGA,59.64,60.47,5,0.07,2.7600,2.6900,4.3200,1.2700
$2K Northern Trust,2020-08-20T13:16:35.085394,estk_f44a29e40ad18658a994dc6df42c2b1e,evt_f44a29e40ad18658,Nate Lashley,PGA,58.24,60.42,8,0.1,2.6900,2.4000,4.0200,1.2000
$2K Northern Trust,2020-08-20T13:16:35.085398,estk_f44a29e40ad18658d3debc630a5f6602,evt_f44a29e40ad18658,Cameron Champ,PGA,59.08,59.72,3,0.04,2.6200,2.5700,4.1900,1.0700
$2K Northern Trust,2020-08-20T13:16:35.085405,estk_f44a29e40ad1865840e1350656ce7a59,evt_f44a29e40ad18658,Brian Stuard,PGA,59.61,59.65,6,0.1,2.5100,2.6900,4.3100,1.2800
$2K Northern Trust,2020-08-20T13:16:35.085421,estk_f44a29e40ad186584be0d7fc77429fae,evt_f44a29e40ad18658,Sepp Straka,PGA,60.39,58.56,3,0.08,2.3200,2.8500,4.0000,1.4200
$2K Northern Trust,2020-08-20T13:16:35.085439,estk_f44a29e40ad18658a0281ba5dadc7019,evt_f44a29e40ad18658,Matt Jones,PGA,56.56,57.86,3,0.03,2.2700,2.1200,3.6900,
$2K Northern Trust,2020-08-20T13:16:35.085443,estk_f44a29e40ad1865801c765712de170ec,evt_f44a29e40ad18658,Sung Kang,PGA,56.79,58.25,6,0.08,2.2600,2.1500,3.7300,
$2K Northern Trust,2020-08-20T13:16:35.085457,estk_f44a29e40ad18658404d8fe8b6d05439,evt_f44a29e40ad18658,Andrew Landry,PGA,57.49,57.47,4,0.07,2.1300,2.2700,3.8600,
$2K Northern Trust,2020-08-20T13:16:35.085461,estk_f44a29e40ad186580811efeafb376fee,evt_f44a29e40ad18658,Michael Thompson,PGA,58.5,57.4,3,0.07,2.1200,2.4500,4.0800,1.0200
$2K Northern Trust,2020-08-20T13:16:35.085486,estk_f44a29e40ad18658408e07cab14ecb5c,evt_f44a29e40ad18658,Kyoung-Hoon Lee,PGA,52.92,54.39,2,0.01,1.7600,1.6400,3.1900,
$2K Northern Trust,2020-08-20T13:16:35.085490,estk_f44a29e40ad186584f70a08a1a272573,evt_f44a29e40ad18658,Talor Gooch,PGA,52.02,54.86,7,0.08,1.7300,1.5500,3.1000,
$2K Northern Trust,2020-08-20T13:16:35.085498,estk_f44a29e40ad18658a9cf9571ae8d1395,evt_f44a29e40ad18658,Adam Long,PGA,50.76,53.73,5,0.04,1.6400,1.4500,2.9900,
$2K Northern Trust,2020-08-20T13:16:35.085512,estk_f44a29e40ad18658be7a33b803f85da5,evt_f44a29e40ad18658,Harry Higgs,PGA,51.39,53.28,6,0.08,1.5500,1.5000,3.0400,
$2K Northern Trust,2020-08-20T13:16:35.085524,estk_f44a29e40ad186585936e6a0df92674f,evt_f44a29e40ad18658,Xinjun Zhang,PGA,51.26,52.16,5,0.08,1.4400,1.4800,3.0400,
$2K Northern Trust,2020-08-20T13:16:35.085527,estk_f44a29e40ad18658f94b7e5eca9035c7,evt_f44a29e40ad18658,Cameron Tringale,PGA,49.93,51.43,3,0.03,1.4400,1.3900,2.9200,
$2K Northern Trust,2020-08-20T13:26:35.672945,estk_f44a29e40ad18658514f8f232f286c88,evt_f44a29e40ad18658,Tiger Woods,PGA,72.43,72.53,3,0.04,7.5400,7.1700,9.1300,5.9600
$2K Northern Trust,2020-08-20T13:26:35.672957,estk_f44a29e40ad1865833ae0bbc78db2949,evt_f44a29e40ad18658,Dustin Johnson,PGA,70.22,72.3,7,0.07,7.3400,6.1200,9.0700,5.5800
$2K Northern Trust,2020-08-20T13:26:35.672965,estk_f44a29e40ad18658ecdd9ee6a8267442,evt_f44a29e40ad18658,Abraham Ancer,PGA,72.44,71.37,4,0.07,6.8700,7.1700,9.1900,5.9800
$2K Northern Trust,2020-08-20T13:26:35.672977,estk_f44a29e40ad18658c2291b803160b17e,evt_f44a29e40ad18658,Daniel Berger,PGA,71.55,70.26,3,0.06,6.2800,6.7600,8.7100,5.5100
$2K Northern Trust,2020-08-20T13:26:35.672981,estk_f44a29e40ad186582203f644cb3905c3,evt_f44a29e40ad18658,Jason Day,PGA,68.71,69.9,6,0.07,6.1000,5.5000,7.3300,4.1400
$2K Northern Trust,2020-08-20T13:26:35.672985,estk_f44a29e40ad18658275b00a4c6134775,evt_f44a29e40ad18658,Rickie Fowler,PGA,68.49,69.75,4,0.04,6.1000,5.4100,7.7900,4.5500
$2K Northern Trust,2020-08-20T13:26:35.673000,estk_f44a29e40ad18658e84f621105202612,evt_f44a29e40ad18658,Matt Kuchar,PGA,67.91,69.12,8,0.1,5.6800,5.1900,7.5100,4.2800
$2K Northern Trust,2020-08-20T13:26:35.673012,estk_f44a29e40ad18658439e82932be18fd4,evt_f44a29e40ad18658,Ian Poulter,PGA,65.01,68.86,11,0.11,5.5300,4.1300,7.1700,4.0000
$2K Northern Trust,2020-08-20T13:26:35.673038,estk_f44a29e40ad18658d8f0d69f88d3691a,evt_f44a29e40ad18658,Doc Redman,PGA,65.99,67.71,7,0.08,5.1200,4.4700,6.2600,3.5200
$2K Northern Trust,2020-08-20T13:26:35.673057,estk_f44a29e40ad18658bf5c4810745af2e6,evt_f44a29e40ad18658,Matthew Fitzpatrick,PGA,68.43,66.69,1,0.04,4.7800,5.3800,7.2400,4.0400
$2K Northern Trust,2020-08-20T13:26:35.673072,estk_f44a29e40ad18658dc1e23aa4cb30164,evt_f44a29e40ad18658,Marc Leishman,PGA,68.7,65.89,2,0.07,4.3900,5.5100,6.3000,3.1200
$2K Northern Trust,2020-08-20T13:26:35.673076,estk_f44a29e40ad18658467812ddab873919,evt_f44a29e40ad18658,J.T. Poston,PGA,63.77,65.67,7,0.08,4.3200,3.7700,5.4600,2.5100
$2K Northern Trust,2020-08-20T13:26:35.673084,estk_f44a29e40ad186582ab98d8a9a770fd5,evt_f44a29e40ad18658,Jordan Spieth,PGA,67.41,65.39,0,0.03,4.2900,4.9700,6.0500,3.5600
$2K Northern Trust,2020-08-20T13:26:35.673152,estk_f44a29e40ad186584fd2025821f57a83,evt_f44a29e40ad18658,Brendon Todd,PGA,61.98,62.26,4,0.06,3.2300,3.2400,4.9400,1.7800
$2K Northern Trust,2020-08-20T13:26:35.673174,estk_f44a29e40ad18658231a4d3b434acb3f,evt_f44a29e40ad18658,Dylan Frittelli,PGA,60.54,61.12,3,0.04,2.9600,2.8900,4.5200,2.0400
$2K Northern Trust,2020-08-20T13:26:35.673189,estk_f44a29e40ad1865837a8104a8070199b,evt_f44a29e40ad18658,Ryan Armour,PGA,63.26,61.04,6,0.13,2.7900,3.5900,4.6300,1.8700
$2K Northern Trust,2020-08-20T13:26:35.673229,estk_f44a29e40ad1865801c765712de170ec,evt_f44a29e40ad18658,Sung Kang,PGA,56.79,59.11,8,0.1,2.3900,2.1500,3.7300,
$2K Northern Trust,2020-08-20T13:26:35.673233,estk_f44a29e40ad18658edbbe9a8a4e2367d,evt_f44a29e40ad18658,Maverick McNealy,PGA,57.18,58.61,6,0.08,2.3400,2.2200,3.8100,1.2100
$2K Northern Trust,2020-08-20T13:26:35.673237,estk_f44a29e40ad18658a0281ba5dadc7019,evt_f44a29e40ad18658,Matt Jones,PGA,56.56,58.3,4,0.04,2.3400,2.1200,3.6900,
$2K Northern Trust,2020-08-20T13:26:35.673283,estk_f44a29e40ad186588145ed04e6806109,evt_f44a29e40ad18658,Beau Hossler,PGA,54.73,55.18,1,0.01,1.8700,1.8500,3.4300,
$2K Northern Trust,2020-08-20T13:26:35.673303,estk_f44a29e40ad186584f70a08a1a272573,evt_f44a29e40ad18658,Talor Gooch,PGA,52.02,54.82,8,0.1,1.7000,1.5500,3.1000,
$2K Northern Trust,2020-08-20T13:26:35.673317,estk_f44a29e40ad18658f94b7e5eca9035c7,evt_f44a29e40ad18658,Cameron Tringale,PGA,49.93,52.93,5,0.04,1.5800,1.3900,2.9200,
$2K Northern Trust,2020-08-20T13:26:35.673325,estk_f44a29e40ad18658be7a33b803f85da5,evt_f44a29e40ad18658,Harry Higgs,PGA,51.39,53.25,7,0.1,1.5300,1.5000,3.0400,
$2K Northern Trust,2020-08-20T13:36:36.214414,estk_f44a29e40ad18658077d445dd9eef8da,evt_f44a29e40ad18658,Patrick Cantlay,PGA,77.93,79.47,7,0.07,11.8300,10.2200,13.4200,9.9500
$2K Northern Trust,2020-08-20T13:36:36.214443,estk_f44a29e40ad18658f659aa7b5b2176ee,evt_f44a29e40ad18658,Collin Morikawa,PGA,78.58,78.87,5,0.06,11.4700,10.5200,13.4600,10.1200
$2K Northern Trust,2020-08-20T13:36:36.214458,estk_f44a29e40ad18658e0b5b2fc83a00c65,evt_f44a29e40ad18658,Gary Woodland,PGA,74.87,75.63,6,0.07,9.2600,8.4600,10.8200,7.8300
$2K Northern Trust,2020-08-20T13:36:36.214462,estk_f44a29e40ad18658503f60443b3bd112,evt_f44a29e40ad18658,Webb Simpson,PGA,76.61,75.01,3,0.06,8.9000,9.4000,10.9600,8.3100
$2K Northern Trust,2020-08-20T13:36:36.214477,estk_f44a29e40ad186586e48ec89ea29f9f8,evt_f44a29e40ad18658,Justin Thomas,PGA,74.23,73.78,4,0.06,8.1900,8.1200,10.1300,6.9500
$2K Northern Trust,2020-08-20T13:36:36.214481,estk_f44a29e40ad18658db5881f101cec470,evt_f44a29e40ad18658,Justin Rose,PGA,72.15,72.99,3,0.03,7.8000,7.0500,9.0500,5.8900
$2K Northern Trust,2020-08-20T13:36:36.214489,estk_f44a29e40ad18658385c664e153f199a,evt_f44a29e40ad18658,Rory McIlroy,PGA,74.87,72.63,3,0.07,7.5100,8.4400,9.0400,6.1700
$2K Northern Trust,2020-08-20T13:36:36.214496,estk_f44a29e40ad18658ecdd9ee6a8267442,evt_f44a29e40ad18658,Abraham Ancer,PGA,72.44,71.64,5,0.08,6.9800,7.1700,8.4600,5.6200
$2K Northern Trust,2020-08-20T13:36:36.214504,estk_f44a29e40ad186583116b24358a8f507,evt_f44a29e40ad18658,Louis Oosthuizen,PGA,69.85,71.06,4,0.04,6.7700,5.9900,8.4300,5.2200
$2K Northern Trust,2020-08-20T13:36:36.214512,estk_f44a29e40ad18658c2291b803160b17e,evt_f44a29e40ad18658,Daniel Berger,PGA,71.55,70.54,4,0.07,6.4000,6.7600,7.9100,5.3900
$2K Northern Trust,2020-08-20T13:36:36.214516,estk_f44a29e40ad186582203f644cb3905c3,evt_f44a29e40ad18658,Jason Day,PGA,68.71,70.21,7,0.08,6.2300,5.5000,7.3300,4.1400
$2K Northern Trust,2020-08-20T13:36:36.214531,estk_f44a29e40ad18658a8b79a109f7cf8a2,evt_f44a29e40ad18658,Byeong Hun An,PGA,68.97,69.14,5,0.07,5.7200,5.6100,6.9200,4.2600
$2K Northern Trust,2020-08-20T13:36:36.214539,estk_f44a29e40ad186581ca8635140548cc5,evt_f44a29e40ad18658,Harris English,PGA,64.79,68.9,8,0.06,5.6400,4.0700,6.9900,3.7900
$2K Northern Trust,2020-08-20T13:36:36.214562,estk_f44a29e40ad1865856ab6ba90ba02e56,evt_f44a29e40ad18658,Joaquin Niemann,PGA,67.09,68.06,5,0.06,5.2900,4.8600,7.1600,4.3300
$2K Northern Trust,2020-08-20T13:36:36.214577,estk_f44a29e40ad186586ef252b94400baa3,evt_f44a29e40ad18658,Adam Hadwin,PGA,66.89,67.54,6,0.08,5.0100,4.8000,6.6100,3.5200
$2K Northern Trust,2020-08-20T13:36:36.214599,estk_f44a29e40ad186581fc545ba8ac8cb0b,evt_f44a29e40ad18658,Rory Sabbatini,PGA,66.15,66.17,2,0.03,4.5400,4.5200,6.2600,3.1700
$2K Northern Trust,2020-08-20T13:36:36.214602,estk_f44a29e40ad186583544479351e1ff63,evt_f44a29e40ad18658,Billy Horschel,PGA,63.88,66.05,6,0.06,4.4700,3.7700,6.1300,3.0600
$2K Northern Trust,2020-08-20T13:36:36.214606,estk_f44a29e40ad18658a5e32548021abe19,evt_f44a29e40ad18658,Chez Reavie,PGA,63.09,66.15,10,0.11,4.4300,3.5500,5.8100,2.8700
$2K Northern Trust,2020-08-20T13:36:36.214614,estk_f44a29e40ad186582ab98d8a9a770fd5,evt_f44a29e40ad18658,Jordan Spieth,PGA,67.41,65.71,1,0.04,4.3800,4.9700,6.0500,2.8800
$2K Northern Trust,2020-08-20T13:36:36.214622,estk_f44a29e40ad18658727afcd55bf28e15,evt_f44a29e40ad18658,Brandt Snedeker,PGA,65.76,65.13,2,0.04,4.1500,4.3900,5.6500,2.9600
$2K Northern Trust,2020-08-20T13:36:36.214626,estk_f44a29e40ad18658e71bc53e996275e5,evt_f44a29e40ad18658,Brian Gay,PGA,64.67,64.73,2,0.03,4.0700,4.0200,5.7600,2.6200
$2K Northern Trust,2020-08-20T13:36:36.214641,estk_f44a29e40ad18658f0b722aa359b7f95,evt_f44a29e40ad18658,Scott Piercy,PGA,63.7,63.79,2,0.03,3.7700,3.7300,5.4500,4.9500
$2K Northern Trust,2020-08-20T13:36:36.214673,estk_f44a29e40ad18658c084ad91aa7b325e,evt_f44a29e40ad18658,Brendan Steele,PGA,58.82,63.11,9,0.08,3.4300,2.5300,4.9000,1.7600
$2K Northern Trust,2020-08-20T13:36:36.214684,estk_f44a29e40ad186584fd2025821f57a83,evt_f44a29e40ad18658,Brendon Todd,PGA,61.98,62.64,5,0.07,3.3200,3.2400,4.9400,1.7800
$2K Northern Trust,2020-08-20T13:36:36.214687,estk_f44a29e40ad186583a3fd2efe45d4190,evt_f44a29e40ad18658,Harold Varner III,PGA,62.44,62.57,7,0.11,3.2000,3.3700,5.0600,1.9000
$2K Northern Trust,2020-08-20T13:36:36.214702,estk_f44a29e40ad18658800e5acffcb2c354,evt_f44a29e40ad18658,Bud Cauley,PGA,60.94,62.24,8,0.11,3.1100,2.9800,4.1100,1.2300
$2K Northern Trust,2020-08-20T13:36:36.214713,estk_f44a29e40ad18658ae4992823c10a96e,evt_f44a29e40ad18658,Carlos Ortiz,PGA,59.64,61.68,8,0.1,2.9900,2.6900,4.3200,1.4300
$2K Northern Trust,2020-08-20T13:36:36.214727,estk_f44a29e40ad186584a18d062074b38a6,evt_f44a29e40ad18658,Scott Brown,PGA,59.31,60.94,4,0.04,2.9000,2.6200,4.2200,1.2300
$2K Northern Trust,2020-08-20T13:36:36.214735,estk_f44a29e40ad1865837a8104a8070199b,evt_f44a29e40ad18658,Ryan Armour,PGA,63.26,61.4,7,0.14,2.8400,3.5900,4.6300,1.8700
$2K Northern Trust,2020-08-20T13:36:36.214742,estk_f44a29e40ad18658a994dc6df42c2b1e,evt_f44a29e40ad18658,Nate Lashley,PGA,58.24,60.83,9,0.11,2.7500,2.4000,4.0200,1.2000
$2K Northern Trust,2020-08-20T13:36:36.214750,estk_f44a29e40ad1865840e1350656ce7a59,evt_f44a29e40ad18658,Brian Stuard,PGA,59.61,60.05,7,0.11,2.5900,2.6900,4.3100,1.2800
$2K Northern Trust,2020-08-20T13:36:36.214757,estk_f44a29e40ad1865801c765712de170ec,evt_f44a29e40ad18658,Sung Kang,PGA,56.79,59.54,9,0.11,2.4800,2.1500,3.7300,
$2K Northern Trust,2020-08-20T13:36:36.214768,estk_f44a29e40ad18658404d8fe8b6d05439,evt_f44a29e40ad18658,Andrew Landry,PGA,57.49,58.89,6,0.08,2.3900,2.2700,3.8600,
$2K Northern Trust,2020-08-20T13:36:36.214789,estk_f44a29e40ad186584be0d7fc77429fae,evt_f44a29e40ad18658,Sepp Straka,PGA,60.39,58.35,4,0.1,2.2400,2.8500,4.0000,1.4200
$2K Northern Trust,2020-08-20T13:36:36.214797,estk_f44a29e40ad186580811efeafb376fee,evt_f44a29e40ad18658,Michael Thompson,PGA,58.5,57.82,4,0.08,2.1700,2.4500,4.0800,1.0200
$2K Northern Trust,2020-08-20T13:36:36.214821,estk_f44a29e40ad186588145ed04e6806109,evt_f44a29e40ad18658,Beau Hossler,PGA,54.73,55.09,2,0.03,1.8200,1.8500,3.4300,
$2K Northern Trust,2020-08-20T13:36:36.214878,estk_f44a29e40ad186585936e6a0df92674f,evt_f44a29e40ad18658,Xinjun Zhang,PGA,51.26,51.13,5,0.1,1.3500,1.4800,3.0400,
$2K Northern Trust,2020-08-20T13:46:36.730350,estk_f44a29e40ad18658db5881f101cec470,evt_f44a29e40ad18658,Justin Rose,PGA,72.15,74.26,5,0.04,8.4400,7.0500,10.1700,6.8100
$2K Northern Trust,2020-08-20T13:46:36.730371,estk_f44a29e40ad1865833ae0bbc78db2949,evt_f44a29e40ad18658,Dustin Johnson,PGA,70.22,72.6,8,0.08,7.4900,6.1200,9.0700,5.8200
$2K Northern Trust,2020-08-20T13:46:36.730407,estk_f44a29e40ad18658e84f621105202612,evt_f44a29e40ad18658,Matt Kuchar,PGA,67.91,69.44,9,0.11,5.8000,5.1900,7.5100,4.2800
$2K Northern Trust,2020-08-20T13:46:36.730434,estk_f44a29e40ad18658d8f0d69f88d3691a,evt_f44a29e40ad18658,Doc Redman,PGA,65.99,68.39,9,0.1,5.3300,4.4700,6.9400,3.5200
$2K Northern Trust,2020-08-20T13:46:36.730495,estk_f44a29e40ad18658467812ddab873919,evt_f44a29e40ad18658,J.T. Poston,PGA,63.77,65.39,8,0.1,4.1300,3.7700,5.4600,2.5600
$2K Northern Trust,2020-08-20T13:46:36.730510,estk_f44a29e40ad18658e71bc53e996275e5,evt_f44a29e40ad18658,Brian Gay,PGA,64.67,64.08,2,0.04,3.8100,4.0200,5.7600,2.6200
$2K Northern Trust,2020-08-20T13:46:36.730529,estk_f44a29e40ad1865833cbfa0bc2c99848,evt_f44a29e40ad18658,Charley Hoffman,PGA,61.13,63.3,4,0.03,3.5600,3.0300,4.6600,1.8300
$2K Northern Trust,2020-08-20T13:46:36.730657,estk_f44a29e40ad18658edbbe9a8a4e2367d,evt_f44a29e40ad18658,Maverick McNealy,PGA,57.18,58.46,7,0.1,2.2500,2.2200,3.8100,1.2100
$2K Northern Trust,2020-08-20T13:46:36.730676,estk_f44a29e40ad186580811efeafb376fee,evt_f44a29e40ad18658,Michael Thompson,PGA,58.5,57.65,5,0.1,2.1100,2.4500,4.0800,1.0200
$2K Northern Trust,2020-08-20T13:46:36.730690,estk_f44a29e40ad186584f70a08a1a272573,evt_f44a29e40ad18658,Talor Gooch,PGA,52.02,56.3,10,0.11,1.8500,1.5500,3.1000,
$2K Northern Trust,2020-08-20T13:46:36.730708,estk_f44a29e40ad18658a9cf9571ae8d1395,evt_f44a29e40ad18658,Adam Long,PGA,50.76,54.71,7,0.06,1.7200,1.4500,2.9900,
$2K Northern Trust,2020-08-20T13:46:36.730712,estk_f44a29e40ad18658408e07cab14ecb5c,evt_f44a29e40ad18658,Kyoung-Hoon Lee,PGA,52.92,54.33,3,0.03,1.7100,1.6400,3.1900,
$2K Northern Trust,2020-08-20T13:56:37.383317,estk_f44a29e40ad18658077d445dd9eef8da,evt_f44a29e40ad18658,Patrick Cantlay,PGA,77.93,79.7,8,0.08,12.1300,10.2200,13.4200,10.3600
$2K Northern Trust,2020-08-20T13:56:37.383350,estk_f44a29e40ad18658f659aa7b5b2176ee,evt_f44a29e40ad18658,Collin Morikawa,PGA,78.58,79.08,6,0.07,11.6100,10.5200,13.4600,10.1200
$2K Northern Trust,2020-08-20T13:56:37.383361,estk_f44a29e40ad18658e0b5b2fc83a00c65,evt_f44a29e40ad18658,Gary Woodland,PGA,74.87,75.88,7,0.08,9.4400,8.4600,10.8200,7.8300
$2K Northern Trust,2020-08-20T13:56:37.383369,estk_f44a29e40ad18658503f60443b3bd112,evt_f44a29e40ad18658,Webb Simpson,PGA,76.61,75.25,4,0.07,9.1300,9.4000,10.9600,7.6100
$2K Northern Trust,2020-08-20T13:56:37.383384,estk_f44a29e40ad18658385c664e153f199a,evt_f44a29e40ad18658,Rory McIlroy,PGA,74.87,73.88,5,0.08,8.3100,8.4400,9.9300,6.5900
$2K Northern Trust,2020-08-20T13:56:37.383388,estk_f44a29e40ad18658fe200133ec8a6c41,evt_f44a29e40ad18658,Tyrrell Hatton,PGA,71.22,73.95,7,0.06,8.3100,6.6000,10.2300,6.9200
$2K Northern Trust,2020-08-20T13:56:37.383392,estk_f44a29e40ad186586e48ec89ea29f9f8,evt_f44a29e40ad18658,Justin Thomas,PGA,74.23,73.03,4,0.07,7.7800,8.1200,9.4300,6.7100
$2K Northern Trust,2020-08-20T13:56:37.383397,estk_f44a29e40ad1865833ae0bbc78db2949,evt_f44a29e40ad18658,Dustin Johnson,PGA,70.22,72.2,9,0.1,7.2500,6.1200,9.0700,5.8200
$2K Northern Trust,2020-08-20T13:56:37.383405,estk_f44a29e40ad18658514f8f232f286c88,evt_f44a29e40ad18658,Tiger Woods,PGA,72.43,71.08,3,0.06,6.7600,7.1700,8.3900,5.7700
$2K Northern Trust,2020-08-20T13:56:37.383416,estk_f44a29e40ad18658ecdd9ee6a8267442,evt_f44a29e40ad18658,Abraham Ancer,PGA,72.44,71.2,6,0.1,6.6800,7.1700,8.4600,5.6200
$2K Northern Trust,2020-08-20T13:56:37.383420,estk_f44a29e40ad18658c2291b803160b17e,evt_f44a29e40ad18658,Daniel Berger,PGA,71.55,70.83,5,0.08,6.6000,6.7600,7.9100,5.3900
$2K Northern Trust,2020-08-20T13:56:37.383424,estk_f44a29e40ad18658275b00a4c6134775,evt_f44a29e40ad18658,Rickie Fowler,PGA,68.49,70.38,6,0.06,6.3600,5.4100,7.7900,4.7700
$2K Northern Trust,2020-08-20T13:56:37.383439,estk_f44a29e40ad18658a8b79a109f7cf8a2,evt_f44a29e40ad18658,Byeong Hun An,PGA,68.97,69.45,6,0.08,5.8900,5.6100,7.5100,4.2600
$2K Northern Trust,2020-08-20T13:56:37.383447,estk_f44a29e40ad186581ca8635140548cc5,evt_f44a29e40ad18658,Harris English,PGA,64.79,69.25,9,0.07,5.8100,4.0700,6.9900,3.7900
$2K Northern Trust,2020-08-20T13:56:37.383458,estk_f44a29e40ad1865856ab6ba90ba02e56,evt_f44a29e40ad18658,Joaquin Niemann,PGA,67.09,68.39,6,0.07,5.4300,4.8600,7.1600,4.3300
$2K Northern Trust,2020-08-20T13:56:37.383466,estk_f44a29e40ad18658439e82932be18fd4,evt_f44a29e40ad18658,Ian Poulter,PGA,65.01,68.56,12,0.13,5.3800,4.1300,7.1700,4.0000
$2K Northern Trust,2020-08-20T13:56:37.383495,estk_f44a29e40ad186581fc545ba8ac8cb0b,evt_f44a29e40ad18658,Rory Sabbatini,PGA,66.15,66.5,3,0.04,4.7000,4.5200,6.2600,3.1700
$2K Northern Trust,2020-08-20T13:56:37.383498,estk_f44a29e40ad186583544479351e1ff63,evt_f44a29e40ad18658,Billy Horschel,PGA,63.88,66.41,7,0.07,4.6000,3.7700,6.1300,3.0600
$2K Northern Trust,2020-08-20T13:56:37.383506,estk_f44a29e40ad18658dc1e23aa4cb30164,evt_f44a29e40ad18658,Marc Leishman,PGA,68.7,66.2,3,0.08,4.5100,5.5100,6.3000,3.1200
$2K Northern Trust,2020-08-20T13:56:37.383513,estk_f44a29e40ad186588e366112314840d7,evt_f44a29e40ad18658,Keegan Bradley,PGA,66.67,65.67,1,0.03,4.4100,4.7100,6.0000,3.3700
$2K Northern Trust,2020-08-20T13:56:37.383517,estk_f44a29e40ad18658a5e32548021abe19,evt_f44a29e40ad18658,Chez Reavie,PGA,63.09,65.89,11,0.13,4.2900,3.5500,5.8100,2.8700
$2K Northern Trust,2020-08-20T13:56:37.383521,estk_f44a29e40ad18658bf5c4810745af2e6,evt_f44a29e40ad18658,Matthew Fitzpatrick,PGA,68.43,65.32,1,0.06,4.2300,5.3800,5.8000,3.1800
$2K Northern Trust,2020-08-20T13:56:37.383529,estk_f44a29e40ad1865833cbfa0bc2c99848,evt_f44a29e40ad18658,Charley Hoffman,PGA,61.13,64.68,6,0.04,4.0600,3.0300,5.6200,2.4800
$2K Northern Trust,2020-08-20T13:56:37.383533,estk_f44a29e40ad18658727afcd55bf28e15,evt_f44a29e40ad18658,Brandt Snedeker,PGA,65.76,64.81,3,0.06,4.0400,4.3900,5.6500,2.9600
$2K Northern Trust,2020-08-20T13:56:37.383544,estk_f44a29e40ad18658f0b722aa359b7f95,evt_f44a29e40ad18658,Scott Piercy,PGA,63.7,64.15,3,0.04,3.8400,3.7300,5.4500,4.9500
$2K Northern Trust,2020-08-20T13:56:37.383555,estk_f44a29e40ad186584fd2025821f57a83,evt_f44a29e40ad18658,Brendon Todd,PGA,61.98,64.02,7,0.08,3.7100,3.2400,4.9400,1.7800
$2K Northern Trust,2020-08-20T13:56:37.383588,estk_f44a29e40ad18658800e5acffcb2c354,evt_f44a29e40ad18658,Bud Cauley,PGA,60.94,63.02,10,0.13,3.3300,2.9800,4.6700,1.7500
$2K Northern Trust,2020-08-20T13:56:37.383605,estk_f44a29e40ad186583a3fd2efe45d4190,evt_f44a29e40ad18658,Harold Varner III,PGA,62.44,62.32,8,0.13,3.1300,3.3700,5.0600,1.9000
$2K Northern Trust,2020-08-20T13:56:37.383631,estk_f44a29e40ad18658231a4d3b434acb3f,evt_f44a29e40ad18658,Dylan Frittelli,PGA,60.54,60.91,4,0.06,2.8800,2.8900,4.5200,2.0400
$2K Northern Trust,2020-08-20T13:56:37.383645,estk_f44a29e40ad1865840e1350656ce7a59,evt_f44a29e40ad18658,Brian Stuard,PGA,59.61,60.86,9,0.13,2.7400,2.6900,4.3100,1.2800
$2K Northern Trust,2020-08-20T13:56:37.383649,estk_f44a29e40ad18658a994dc6df42c2b1e,evt_f44a29e40ad18658,Nate Lashley,PGA,58.24,60.67,10,0.13,2.6800,2.4000,4.0200,1.2000
$2K Northern Trust,2020-08-20T13:56:37.383653,estk_f44a29e40ad18658d3debc630a5f6602,evt_f44a29e40ad18658,Cameron Champ,PGA,59.08,59.54,4,0.06,2.5500,2.5700,4.1900,1.0700
$2K Northern Trust,2020-08-20T13:56:37.383661,estk_f44a29e40ad186584be0d7fc77429fae,evt_f44a29e40ad18658,Sepp Straka,PGA,60.39,59.75,6,0.11,2.5100,2.8500,4.0000,1.3400
$2K Northern Trust,2020-08-20T13:56:37.383676,estk_f44a29e40ad18658404d8fe8b6d05439,evt_f44a29e40ad18658,Andrew Landry,PGA,57.49,58.74,7,0.1,2.3200,2.2700,3.8600,
$2K Northern Trust,2020-08-20T13:56:37.383732,estk_f44a29e40ad186588145ed04e6806109,evt_f44a29e40ad18658,Beau Hossler,PGA,54.73,54.54,2,0.04,1.7400,1.8500,3.4300,
$2K Northern Trust,2020-08-20T13:56:37.383747,estk_f44a29e40ad18658be7a33b803f85da5,evt_f44a29e40ad18658,Harry Higgs,PGA,51.39,54.74,9,0.11,1.6700,1.5000,3.0400,
$2K Northern Trust,2020-08-20T13:56:37.383751,estk_f44a29e40ad18658f94b7e5eca9035c7,evt_f44a29e40ad18658,Cameron Tringale,PGA,49.93,53.93,7,0.06,1.6300,1.3900,2.9200,
$2K Northern Trust,2020-08-20T13:56:37.383774,estk_f44a29e40ad186585936e6a0df92674f,evt_f44a29e40ad18658,Xinjun Zhang,PGA,51.26,52.62,7,0.11,1.4500,1.4800,3.0400,
$2K Northern Trust,2020-08-20T13:56:37.383789,estk_f44a29e40ad1865891386b499e2742a4,evt_f44a29e40ad18658,Ryan Moore,PGA,66.64,5,5,1,1.0000,4.7000,2.5200,
$2K Northern Trust,2020-08-20T14:06:37.938740,estk_f44a29e40ad18658db5881f101cec470,evt_f44a29e40ad18658,Justin Rose,PGA,72.15,74.82,7,0.06,8.8300,7.0500,10.1700,6.8300
$2K Northern Trust,2020-08-20T14:06:37.938768,estk_f44a29e40ad18658514f8f232f286c88,evt_f44a29e40ad18658,Tiger Woods,PGA,72.43,71.36,4,0.07,6.8400,7.1700,8.3900,5.7700
$2K Northern Trust,2020-08-20T14:06:37.938784,estk_f44a29e40ad186583116b24358a8f507,evt_f44a29e40ad18658,Louis Oosthuizen,PGA,69.85,70.66,5,0.06,6.5200,5.9900,8.4300,5.2200
$2K Northern Trust,2020-08-20T14:06:37.938799,estk_f44a29e40ad186582203f644cb3905c3,evt_f44a29e40ad18658,Jason Day,PGA,68.71,69.84,8,0.1,6.0100,5.5000,7.8300,4.6300
$2K Northern Trust,2020-08-20T14:06:37.938810,estk_f44a29e40ad18658e84f621105202612,evt_f44a29e40ad18658,Matt Kuchar,PGA,67.91,69.08,10,0.13,5.6200,5.1900,7.5100,4.2800
$2K Northern Trust,2020-08-20T14:06:37.938818,estk_f44a29e40ad18658d8f0d69f88d3691a,evt_f44a29e40ad18658,Doc Redman,PGA,65.99,68.73,10,0.11,5.5000,4.4700,6.9400,3.5200
$2K Northern Trust,2020-08-20T14:06:37.938851,estk_f44a29e40ad186586ef252b94400baa3,evt_f44a29e40ad18658,Adam Hadwin,PGA,66.89,67.2,7,0.1,4.8500,4.8000,6.6100,3.5200
$2K Northern Trust,2020-08-20T14:06:37.938855,estk_f44a29e40ad186588e366112314840d7,evt_f44a29e40ad18658,Keegan Bradley,PGA,66.67,67,3,0.04,4.8400,4.7100,6.5000,3.3700
$2K Northern Trust,2020-08-20T14:06:37.938863,estk_f44a29e40ad18658bf5c4810745af2e6,evt_f44a29e40ad18658,Matthew Fitzpatrick,PGA,68.43,66.64,3,0.07,4.6800,5.3800,5.8100,3.1800
$2K Northern Trust,2020-08-20T14:06:37.938879,estk_f44a29e40ad18658467812ddab873919,evt_f44a29e40ad18658,J.T. Poston,PGA,63.77,65.76,9,0.11,4.2900,3.7700,5.4600,2.5800
$2K Northern Trust,2020-08-20T14:06:37.938887,estk_f44a29e40ad186582ab98d8a9a770fd5,evt_f44a29e40ad18658,Jordan Spieth,PGA,67.41,65.37,2,0.06,4.2000,4.9700,6.0500,2.8800
$2K Northern Trust,2020-08-20T14:06:37.938902,estk_f44a29e40ad18658dc1e23aa4cb30164,evt_f44a29e40ad18658,Marc Leishman,PGA,68.7,64.83,3,0.1,3.9500,5.5100,5.5200,3.0800
$2K Northern Trust,2020-08-20T14:06:37.938906,estk_f44a29e40ad186584fd2025821f57a83,evt_f44a29e40ad18658,Brendon Todd,PGA,61.98,64.78,9,0.1,3.9500,3.2400,5.5100,1.7800
$2K Northern Trust,2020-08-20T14:06:37.938922,estk_f44a29e40ad18658e71bc53e996275e5,evt_f44a29e40ad18658,Brian Gay,PGA,64.67,63.79,3,0.06,3.6800,4.0200,5.2200,2.6200
$2K Northern Trust,2020-08-20T14:06:37.938951,estk_f44a29e40ad18658c084ad91aa7b325e,evt_f44a29e40ad18658,Brendan Steele,PGA,58.82,62.94,10,0.1,3.3500,2.5300,4.9000,1.8600
$2K Northern Trust,2020-08-20T14:06:37.938966,estk_f44a29e40ad1865837a8104a8070199b,evt_f44a29e40ad18658,Ryan Armour,PGA,63.26,62.77,9,0.15,3.2000,3.5900,4.6300,1.8700
$2K Northern Trust,2020-08-20T14:06:37.938980,estk_f44a29e40ad18658a994dc6df42c2b1e,evt_f44a29e40ad18658,Nate Lashley,PGA,58.24,62.09,12,0.14,3.0200,2.4000,4.5700,1.2000
$2K Northern Trust,2020-08-20T14:06:37.938991,estk_f44a29e40ad18658231a4d3b434acb3f,evt_f44a29e40ad18658,Dylan Frittelli,PGA,60.54,61.3,5,0.07,2.9200,2.8900,4.5200,2.0400
$2K Northern Trust,2020-08-20T14:06:37.939005,estk_f44a29e40ad186584a18d062074b38a6,evt_f44a29e40ad18658,Scott Brown,PGA,59.31,60.75,5,0.06,2.8200,2.6200,4.2200,1.3400
$2K Northern Trust,2020-08-20T14:06:37.939009,estk_f44a29e40ad18658ae4992823c10a96e,evt_f44a29e40ad18658,Carlos Ortiz,PGA,59.64,61.08,8,0.11,2.7900,2.6900,4.3200,1.4400
$2K Northern Trust,2020-08-20T14:06:37.939021,estk_f44a29e40ad18658d3debc630a5f6602,evt_f44a29e40ad18658,Cameron Champ,PGA,59.08,59.94,5,0.07,2.6100,2.5700,4.1900,1.0700
$2K Northern Trust,2020-08-20T14:06:37.939032,estk_f44a29e40ad18658a0281ba5dadc7019,evt_f44a29e40ad18658,Matt Jones,PGA,56.56,59.17,6,0.06,2.4600,2.1200,3.6900,
$2K Northern Trust,2020-08-20T14:06:37.939039,estk_f44a29e40ad1865801c765712de170ec,evt_f44a29e40ad18658,Sung Kang,PGA,56.79,59.41,10,0.13,2.4000,2.1500,3.7300,
$2K Northern Trust,2020-08-20T14:06:37.939046,estk_f44a29e40ad18658404d8fe8b6d05439,evt_f44a29e40ad18658,Andrew Landry,PGA,57.49,59.17,8,0.11,2.3700,2.2700,3.8600,
$2K Northern Trust,2020-08-20T14:06:37.939050,estk_f44a29e40ad18658edbbe9a8a4e2367d,evt_f44a29e40ad18658,Maverick McNealy,PGA,57.18,58.89,8,0.11,2.3100,2.2200,3.8100,1.2100
$2K Northern Trust,2020-08-20T14:06:37.939068,estk_f44a29e40ad186580811efeafb376fee,evt_f44a29e40ad18658,Michael Thompson,PGA,58.5,58.06,6,0.11,2.1500,2.4500,4.0800,1.0200
$2K Northern Trust,2020-08-20T14:06:37.939089,estk_f44a29e40ad186584f70a08a1a272573,evt_f44a29e40ad18658,Talor Gooch,PGA,52.02,56.26,11,0.13,1.8300,1.5500,3.1000,
$2K Northern Trust,2020-08-20T14:06:37.939100,estk_f44a29e40ad18658408e07cab14ecb5c,evt_f44a29e40ad18658,Kyoung-Hoon Lee,PGA,52.92,54.8,4,0.04,1.7600,1.6400,3.1900,
$2K Northern Trust,2020-08-20T14:06:37.939132,estk_f44a29e40ad186585936e6a0df92674f,evt_f44a29e40ad18658,Xinjun Zhang,PGA,51.26,53.6,9,0.13,1.5200,1.4800,3.0400,
$2K Northern Trust,2020-08-20T14:16:38.497799,estk_f44a29e40ad18658f659aa7b5b2176ee,evt_f44a29e40ad18658,Collin Morikawa,PGA,78.58,79.29,7,0.08,11.7900,10.5200,13.4600,10.1200
$2K Northern Trust,2020-08-20T14:16:38.497830,estk_f44a29e40ad18658077d445dd9eef8da,evt_f44a29e40ad18658,Patrick Cantlay,PGA,77.93,79.14,9,0.1,11.5900,10.2200,13.4200,10.3600
$2K Northern Trust,2020-08-20T14:16:38.497844,estk_f44a29e40ad18658503f60443b3bd112,evt_f44a29e40ad18658,Webb Simpson,PGA,76.61,75.48,5,0.08,9.2600,9.4000,10.9600,7.6100
$2K Northern Trust,2020-08-20T14:16:38.497849,estk_f44a29e40ad18658e0b5b2fc83a00c65,evt_f44a29e40ad18658,Gary Woodland,PGA,74.87,75.38,8,0.1,9.1300,8.4600,10.8200,7.8300
$2K Northern Trust,2020-08-20T14:16:38.497861,estk_f44a29e40ad18658385c664e153f199a,evt_f44a29e40ad18658,Rory McIlroy,PGA,74.87,74.38,7,0.1,8.4600,8.4400,9.9300,6.8400
