name,time,id,event_id,stock_name,sector,fantasy_points_projected,fantasy_points_projected_live,fantasy_points_scored,amount_completed,estimated_price,last_price,ask_price,bid_price
$500 NBA Daily 8/14,2020-08-13T16:00:08.952604,estk_3caf7d1e2815d858998cf3066566c393,evt_3caf7d1e2815d858,James Harden,NBA,50.33,,,,,,,
$500 NBA Daily 8/14,2020-08-13T16:00:08.952677,estk_3caf7d1e2815d858bb115bd4f54ff319,evt_3caf7d1e2815d858,Kawhi Leonard,NBA,43.03,,,,,,,
$500 NBA Daily 8/14,2020-08-13T16:00:08.952683,estk_3caf7d1e2815d858f59563a6406f63f4,evt_3caf7d1e2815d858,Paul George,NBA,38.42,,,,,,,
$500 NBA Daily 8/14,2020-08-13T16:00:08.952687,estk_3caf7d1e2815d85886ea8af848cca3f6,evt_3caf7d1e2815d858,Chris Paul,NBA,37.31,,,,,,,
$500 NBA Daily 8/14,2020-08-13T16:00:08.952691,estk_3caf7d1e2815d85877c3d3d4d8ad15c5,evt_3caf7d1e2815d858,Tobias Harris,NBA,32.92,,,,,,,
$500 NBA Daily 8/14,2020-08-13T16:00:08.952695,estk_3caf7d1e2815d85863a58b55849249a4,evt_3caf7d1e2815d858,Al Horford,NBA,31.33,,,,,,,
$500 NBA Daily 8/14,2020-08-13T16:00:08.952699,estk_3caf7d1e2815d85833aee19dae855240,evt_3caf7d1e2815d858,Shai Gilgeous-Alexander,NBA,28.75,,,,,,,
$500 NBA Daily 8/14,2020-08-13T16:00:08.952703,estk_3caf7d1e2815d8584d546eba965e40a0,evt_3caf7d1e2815d858,Steven Adams,NBA,27.54,,,,,,,
$500 NBA Daily 8/14,2020-08-13T16:00:08.952707,estk_3caf7d1e2815d858b3147c681557a264,evt_3caf7d1e2815d858,Josh Richardson,NBA,26.93,,,,,,,
$500 NBA Daily 8/14,2020-08-13T16:00:08.952711,estk_3caf7d1e2815d8586e1b2c66fb087a89,evt_3caf7d1e2815d858,Danilo Gallinari,NBA,26.8,,,,,,,
$500 NBA Daily 8/14,2020-08-13T16:00:08.952715,estk_3caf7d1e2815d8582e7d4bf632563918,evt_3caf7d1e2815d858,Robert Covington,NBA,23.96,,,,,,,
$500 NBA Daily 8/14,2020-08-13T16:00:08.952719,estk_3caf7d1e2815d85885e7a39b281a7530,evt_3caf7d1e2815d858,Ivica Zubac,NBA,21.59,,,,,,,
$500 NBA Daily 8/14,2020-08-13T16:00:08.952722,estk_3caf7d1e2815d858af1a06f413850d3c,evt_3caf7d1e2815d858,Montrezl Harrell,NBA,21.29,,,,,,,
$500 NBA Daily 8/14,2020-08-13T16:00:08.952726,estk_3caf7d1e2815d85857693decb131a860,evt_3caf7d1e2815d858,Lou Williams,NBA,20.62,,,,,,,
$500 NBA Daily 8/14,2020-08-13T16:00:08.952730,estk_3caf7d1e2815d8580b5bea604e9b515d,evt_3caf7d1e2815d858,Nerlens Noel,NBA,18.49,,,,,,,
$500 NBA Daily 8/14,2020-08-13T16:00:08.952734,estk_3caf7d1e2815d858a1e25447b314f889,evt_3caf7d1e2815d858,Shake Milton,NBA,18.47,,,,,,,
$500 NBA Daily 8/14,2020-08-13T16:00:08.952737,estk_3caf7d1e2815d858b402a1af1291a618,evt_3caf7d1e2815d858,Patrick Beverley,NBA,17.61,,,,,,,
$500 NBA Daily 8/14,2020-08-13T16:00:08.952741,estk_3caf7d1e2815d858575ca725abf50fd3,evt_3caf7d1e2815d858,Alec Burks,NBA,17.52,,,,,,,
$500 NBA Daily 8/14,2020-08-13T16:00:08.952745,estk_3caf7d1e2815d858bb2265938b36951f,evt_3caf7d1e2815d858,P.J. Tucker,NBA,17.25,,,,,,,
$500 NBA Daily 8/14,2020-08-13T16:00:08.952749,estk_3caf7d1e2815d8588b0372db86dba9af,evt_3caf7d1e2815d858,Furkan Korkmaz,NBA,16.76,,,,,,,
$500 NBA Daily 8/14,2020-08-13T16:00:08.952752,estk_3caf7d1e2815d85885078b5202b93fb5,evt_3caf7d1e2815d858,Luguentz Dort,NBA,16.59,,,,,,,
$500 NBA Daily 8/14,2020-08-13T16:00:08.952756,estk_3caf7d1e2815d8586e82fa5f30bdfa80,evt_3caf7d1e2815d858,Marcus Morris,NBA,14.91,,,,,,,
$500 NBA Daily 8/14,2020-08-13T16:00:08.952760,estk_3caf7d1e2815d858d5d16483f5148c0b,evt_3caf7d1e2815d858,Darius Bazley,NBA,14.72,,,,,,,
$500 NBA Daily 8/14,2020-08-13T16:00:08.952763,estk_3caf7d1e2815d858f101f1906b677e1c,evt_3caf7d1e2815d858,JaMychal Green,NBA,14.65,,,,,,,
$500 NBA Daily 8/14,2020-08-13T16:00:08.952767,estk_3caf7d1e2815d85892bc30f31e413420,evt_3caf7d1e2815d858,Matisse Thybulle,NBA,14.42,,,,,,,
$500 NBA Daily 8/14,2020-08-13T16:00:08.952770,estk_3caf7d1e2815d858e9aea717e9a5e7f3,evt_3caf7d1e2815d858,Reggie Jackson,NBA,13.54,,,,,,,
$500 NBA Daily 8/14,2020-08-13T16:00:08.952774,estk_3caf7d1e2815d858d086e77c2f7fd9b3,evt_3caf7d1e2815d858,Hamidou Diallo,NBA,12.27,,,,,,,
$500 NBA Daily 8/14,2020-08-13T16:00:08.952780,estk_3caf7d1e2815d8589e314ab9e97d6d4e,evt_3caf7d1e2815d858,Eric Gordon,NBA,11.9,,,,,,,
$500 NBA Daily 8/14,2020-08-13T16:00:08.952784,estk_3caf7d1e2815d858ce8e428feaa184fb,evt_3caf7d1e2815d858,Dennis Schroder,NBA,0,,,,,,,
$500 NBA Daily 8/14,2020-08-13T16:00:08.952788,estk_3caf7d1e2815d8589429a910322dd902,evt_3caf7d1e2815d858,Russell Westbrook,NBA,0,,,,,,,
$500 NBA Daily 8/14,2020-08-13T16:00:08.952792,estk_3caf7d1e2815d8583e4b7dde83288c09,evt_3caf7d1e2815d858,Norvel Pelle,NBA,0,,,,,,,
$500 NBA Daily 8/14,2020-08-13T16:00:08.952796,estk_3caf7d1e2815d8587e274b6cb95b0d20,evt_3caf7d1e2815d858,Danuel House,NBA,0,,,,,,,
$500 NBA Daily 8/14,2020-08-14T14:06:46.640100,estk_3caf7d1e2815d858998cf3066566c393,evt_3caf7d1e2815d858,James Harden,NBA,50.33,,,,21.2500,12.7100,,
$500 NBA Daily 8/14,2020-08-14T14:06:46.640128,estk_3caf7d1e2815d858bb115bd4f54ff319,evt_3caf7d1e2815d858,Kawhi Leonard,NBA,39.53,,,,15.3200,10.5900,,
$500 NBA Daily 8/14,2020-08-14T14:06:46.640133,estk_3caf7d1e2815d858f59563a6406f63f4,evt_3caf7d1e2815d858,Paul George,NBA,36.29,,,,13.4200,9.4700,,
$500 NBA Daily 8/14,2020-08-14T14:06:46.640137,estk_3caf7d1e2815d85877c3d3d4d8ad15c5,evt_3caf7d1e2815d858,Tobias Harris,NBA,26.33,,,,7.9600,6.4400,,
$500 NBA Daily 8/14,2020-08-14T14:06:46.640141,estk_3caf7d1e2815d85885e7a39b281a7530,evt_3caf7d1e2815d858,Ivica Zubac,NBA,25.69,,,,7.6200,6.1500,,
$500 NBA Daily 8/14,2020-08-14T14:06:46.640145,estk_3caf7d1e2815d8582e7d4bf632563918,evt_3caf7d1e2815d858,Robert Covington,NBA,23.96,,,,6.8100,5.4300,,
$500 NBA Daily 8/14,2020-08-14T14:06:46.640149,estk_3caf7d1e2815d8584d546eba965e40a0,evt_3caf7d1e2815d858,Steven Adams,NBA,23.31,,,,6.5400,5.1800,,
$500 NBA Daily 8/14,2020-08-14T14:06:46.640153,estk_3caf7d1e2815d85863a58b55849249a4,evt_3caf7d1e2815d858,Al Horford,NBA,22.97,,,,6.3800,5.0300,,
$500 NBA Daily 8/14,2020-08-14T14:06:46.640157,estk_3caf7d1e2815d858e9aea717e9a5e7f3,evt_3caf7d1e2815d858,Reggie Jackson,NBA,22.54,,,,6.2400,4.8300,,
$500 NBA Daily 8/14,2020-08-14T14:06:46.640161,estk_3caf7d1e2815d8586e82fa5f30bdfa80,evt_3caf7d1e2815d858,Marcus Morris,NBA,22,,,,6.0000,4.6900,,
$500 NBA Daily 8/14,2020-08-14T14:06:46.640164,estk_3caf7d1e2815d85833aee19dae855240,evt_3caf7d1e2815d858,Shai Gilgeous-Alexander,NBA,21.79,,,,5.8800,4.6300,,
$500 NBA Daily 8/14,2020-08-14T14:06:46.640171,estk_3caf7d1e2815d858b3147c681557a264,evt_3caf7d1e2815d858,Josh Richardson,NBA,21.54,,,,5.8500,4.5300,,
$500 NBA Daily 8/14,2020-08-14T14:06:46.640174,estk_3caf7d1e2815d8586e1b2c66fb087a89,evt_3caf7d1e2815d858,Danilo Gallinari,NBA,20.34,,,,5.3800,4.2900,,
$500 NBA Daily 8/14,2020-08-14T14:06:46.640178,estk_3caf7d1e2815d85857693decb131a860,evt_3caf7d1e2815d858,Lou Williams,NBA,19.8,,,,5.0900,4.1600,,
$500 NBA Daily 8/14,2020-08-14T14:06:46.640182,estk_3caf7d1e2815d85892bc30f31e413420,evt_3caf7d1e2815d858,Matisse Thybulle,NBA,19.01,,,,4.7600,3.9200,,
$500 NBA Daily 8/14,2020-08-14T14:06:46.640186,estk_3caf7d1e2815d8580b5bea604e9b515d,evt_3caf7d1e2815d858,Nerlens Noel,NBA,18.49,,,,4.6200,3.7800,,
$500 NBA Daily 8/14,2020-08-14T14:06:46.640189,estk_3caf7d1e2815d858d086e77c2f7fd9b3,evt_3caf7d1e2815d858,Hamidou Diallo,NBA,18.39,,,,4.6100,3.7500,,
$500 NBA Daily 8/14,2020-08-14T14:06:46.640193,estk_3caf7d1e2815d858d5d16483f5148c0b,evt_3caf7d1e2815d858,Darius Bazley,NBA,18.42,,,,4.5900,3.7500,,
$500 NBA Daily 8/14,2020-08-14T14:06:46.640197,estk_3caf7d1e2815d858575ca725abf50fd3,evt_3caf7d1e2815d858,Alec Burks,NBA,18.36,,,,4.5800,3.7100,,
$500 NBA Daily 8/14,2020-08-14T14:06:46.640200,estk_3caf7d1e2815d858bb2265938b36951f,evt_3caf7d1e2815d858,P.J. Tucker,NBA,17.25,,,,4.2300,3.4500,,
$500 NBA Daily 8/14,2020-08-14T14:06:46.640204,estk_3caf7d1e2815d858a1e25447b314f889,evt_3caf7d1e2815d858,Shake Milton,NBA,17.1,,,,4.2000,3.4300,,
$500 NBA Daily 8/14,2020-08-14T14:06:46.640207,estk_3caf7d1e2815d858f101f1906b677e1c,evt_3caf7d1e2815d858,JaMychal Green,NBA,17.09,,,,4.1900,3.4000,,
$500 NBA Daily 8/14,2020-08-14T14:06:46.640210,estk_3caf7d1e2815d8588b0372db86dba9af,evt_3caf7d1e2815d858,Furkan Korkmaz,NBA,13.72,,,,3.2200,2.7800,,
$500 NBA Daily 8/14,2020-08-14T14:06:46.640214,estk_3caf7d1e2815d8583e4b7dde83288c09,evt_3caf7d1e2815d858,Norvel Pelle,NBA,12.47,,,,2.9600,2.5800,,
$500 NBA Daily 8/14,2020-08-14T14:06:46.640217,estk_3caf7d1e2815d8589e314ab9e97d6d4e,evt_3caf7d1e2815d858,Eric Gordon,NBA,11.9,,,,2.8100,2.4900,,
$500 NBA Daily 8/14,2020-08-14T14:06:46.640221,estk_3caf7d1e2815d85886ea8af848cca3f6,evt_3caf7d1e2815d858,Chris Paul,NBA,0,,,,1.0000,2.9700,,
$500 NBA Daily 8/14,2020-08-14T14:06:46.640224,estk_3caf7d1e2815d858b402a1af1291a618,evt_3caf7d1e2815d858,Patrick Beverley,NBA,0,,,,1.0000,1.5000,,
$500 NBA Daily 8/14,2020-08-14T14:06:46.640228,estk_3caf7d1e2815d858ce8e428feaa184fb,evt_3caf7d1e2815d858,Dennis Schroder,NBA,0,,,,1.0000,1.0000,,
$500 NBA Daily 8/14,2020-08-14T14:06:46.640231,estk_3caf7d1e2815d85885078b5202b93fb5,evt_3caf7d1e2815d858,Luguentz Dort,NBA,0,,,,1.0000,1.4600,,
$500 NBA Daily 8/14,2020-08-14T14:06:46.640234,estk_3caf7d1e2815d8587e274b6cb95b0d20,evt_3caf7d1e2815d858,Danuel House,NBA,0,,,,1.0000,1.0000,,
$500 NBA Daily 8/14,2020-08-14T14:06:46.640238,estk_3caf7d1e2815d8589429a910322dd902,evt_3caf7d1e2815d858,Russell Westbrook,NBA,0,,,,1.0000,1.0000,,
$500 NBA Daily 8/14,2020-08-14T14:06:46.640248,estk_3caf7d1e2815d858af1a06f413850d3c,evt_3caf7d1e2815d858,Montrezl Harrell,NBA,0,,,,1.0000,1.6900,,
$500 NBA Daily 8/14,2020-08-14T20:59:53.375506,estk_3caf7d1e2815d858998cf3066566c393,evt_3caf7d1e2815d858,James Harden,NBA,50.33,50.33,0,0,20.0600,13.7000,,
$500 NBA Daily 8/14,2020-08-14T20:59:53.375535,estk_3caf7d1e2815d858bb115bd4f54ff319,evt_3caf7d1e2815d858,Kawhi Leonard,NBA,39.53,39.53,0,0,14.3700,11.8000,,
$500 NBA Daily 8/14,2020-08-14T20:59:53.375541,estk_3caf7d1e2815d858f59563a6406f63f4,evt_3caf7d1e2815d858,Paul George,NBA,36.29,36.29,0,0,12.5400,10.9700,,
$500 NBA Daily 8/14,2020-08-14T20:59:53.375545,estk_3caf7d1e2815d85877c3d3d4d8ad15c5,evt_3caf7d1e2815d858,Tobias Harris,NBA,26.33,26.33,0,0,7.6000,7.2500,,
$500 NBA Daily 8/14,2020-08-14T20:59:53.375549,estk_3caf7d1e2815d85885e7a39b281a7530,evt_3caf7d1e2815d858,Ivica Zubac,NBA,25.69,25.69,0,0,7.2300,6.9700,,
$500 NBA Daily 8/14,2020-08-14T20:59:53.375553,estk_3caf7d1e2815d8582e7d4bf632563918,evt_3caf7d1e2815d858,Robert Covington,NBA,23.96,23.96,0,0,6.5700,6.3500,,
$500 NBA Daily 8/14,2020-08-14T20:59:53.375557,estk_3caf7d1e2815d8584d546eba965e40a0,evt_3caf7d1e2815d858,Steven Adams,NBA,23.31,23.31,0,0,6.3400,6.0600,,
$500 NBA Daily 8/14,2020-08-14T20:59:53.375562,estk_3caf7d1e2815d85863a58b55849249a4,evt_3caf7d1e2815d858,Al Horford,NBA,22.97,22.97,0,0,6.2100,5.9400,,
$500 NBA Daily 8/14,2020-08-14T20:59:53.375566,estk_3caf7d1e2815d858e9aea717e9a5e7f3,evt_3caf7d1e2815d858,Reggie Jackson,NBA,22.54,22.54,0,0,6.0200,5.8000,,
$500 NBA Daily 8/14,2020-08-14T20:59:53.375570,estk_3caf7d1e2815d8586e82fa5f30bdfa80,evt_3caf7d1e2815d858,Marcus Morris,NBA,22,22,0,0,5.8700,5.6000,,
$500 NBA Daily 8/14,2020-08-14T20:59:53.375574,estk_3caf7d1e2815d85833aee19dae855240,evt_3caf7d1e2815d858,Shai Gilgeous-Alexander,NBA,21.79,21.79,0,0,5.7600,5.5300,,
$500 NBA Daily 8/14,2020-08-14T20:59:53.375578,estk_3caf7d1e2815d858b3147c681557a264,evt_3caf7d1e2815d858,Josh Richardson,NBA,21.54,21.54,0,0,5.6800,5.4500,,
$500 NBA Daily 8/14,2020-08-14T20:59:53.375582,estk_3caf7d1e2815d858ce8e428feaa184fb,evt_3caf7d1e2815d858,Dennis Schroder,NBA,21.19,21.19,0,0,5.5500,3.5200,,
$500 NBA Daily 8/14,2020-08-14T20:59:53.375585,estk_3caf7d1e2815d8586e1b2c66fb087a89,evt_3caf7d1e2815d858,Danilo Gallinari,NBA,20.34,20.34,0,0,5.3000,5.0400,,
$500 NBA Daily 8/14,2020-08-14T20:59:53.375589,estk_3caf7d1e2815d85857693decb131a860,evt_3caf7d1e2815d858,Lou Williams,NBA,19.8,19.8,0,0,5.0300,4.9100,,
$500 NBA Daily 8/14,2020-08-14T20:59:53.375593,estk_3caf7d1e2815d85892bc30f31e413420,evt_3caf7d1e2815d858,Matisse Thybulle,NBA,19.01,19.01,0,0,4.8200,4.6200,,
$500 NBA Daily 8/14,2020-08-14T20:59:53.375597,estk_3caf7d1e2815d858d5d16483f5148c0b,evt_3caf7d1e2815d858,Darius Bazley,NBA,18.42,18.42,0,0,4.6400,4.4500,,
$500 NBA Daily 8/14,2020-08-14T20:59:53.375601,estk_3caf7d1e2815d858575ca725abf50fd3,evt_3caf7d1e2815d858,Alec Burks,NBA,18.36,18.36,0,0,4.6300,4.4600,,
$500 NBA Daily 8/14,2020-08-14T20:59:53.375605,estk_3caf7d1e2815d8580b5bea604e9b515d,evt_3caf7d1e2815d858,Nerlens Noel,NBA,18.49,18.49,0,0,4.6200,4.4800,,
$500 NBA Daily 8/14,2020-08-14T20:59:53.375608,estk_3caf7d1e2815d858d086e77c2f7fd9b3,evt_3caf7d1e2815d858,Hamidou Diallo,NBA,18.39,18.39,0,0,4.5700,4.4500,,
$500 NBA Daily 8/14,2020-08-14T20:59:53.375612,estk_3caf7d1e2815d858bb2265938b36951f,evt_3caf7d1e2815d858,P.J. Tucker,NBA,17.25,17.25,0,0,4.2900,4.1400,,
$500 NBA Daily 8/14,2020-08-14T20:59:53.375616,estk_3caf7d1e2815d858a1e25447b314f889,evt_3caf7d1e2815d858,Shake Milton,NBA,17.1,17.1,0,0,4.2500,4.0900,,
$500 NBA Daily 8/14,2020-08-14T20:59:53.375620,estk_3caf7d1e2815d858f101f1906b677e1c,evt_3caf7d1e2815d858,JaMychal Green,NBA,17.09,17.09,0,0,4.2400,4.0700,,
$500 NBA Daily 8/14,2020-08-14T20:59:53.375624,estk_3caf7d1e2815d8588b0372db86dba9af,evt_3caf7d1e2815d858,Furkan Korkmaz,NBA,13.72,13.72,0,0,3.3500,3.2400,,
$500 NBA Daily 8/14,2020-08-14T20:59:53.375628,estk_3caf7d1e2815d8583e4b7dde83288c09,evt_3caf7d1e2815d858,Norvel Pelle,NBA,12.47,12.47,0,0,3.0600,2.9900,,
$500 NBA Daily 8/14,2020-08-14T20:59:53.375632,estk_3caf7d1e2815d8589e314ab9e97d6d4e,evt_3caf7d1e2815d858,Eric Gordon,NBA,11.9,11.9,0,0,2.9200,2.8700,,
$500 NBA Daily 8/14,2020-08-14T20:59:53.375636,estk_3caf7d1e2815d85886ea8af848cca3f6,evt_3caf7d1e2815d858,Chris Paul,NBA,0,0,0,0,1.0000,2.9700,,
$500 NBA Daily 8/14,2020-08-14T20:59:53.375640,estk_3caf7d1e2815d858b402a1af1291a618,evt_3caf7d1e2815d858,Patrick Beverley,NBA,0,0,0,0,1.0000,1.5000,,
$500 NBA Daily 8/14,2020-08-14T20:59:53.375643,estk_3caf7d1e2815d85885078b5202b93fb5,evt_3caf7d1e2815d858,Luguentz Dort,NBA,0,0,0,0,1.0000,1.4600,,
$500 NBA Daily 8/14,2020-08-14T20:59:53.375647,estk_3caf7d1e2815d8587e274b6cb95b0d20,evt_3caf7d1e2815d858,Danuel House,NBA,0,0,0,0,1.0000,1.0000,,
$500 NBA Daily 8/14,2020-08-14T20:59:53.375650,estk_3caf7d1e2815d8589429a910322dd902,evt_3caf7d1e2815d858,Russell Westbrook,NBA,0,0,0,0,1.0000,1.0000,,
$500 NBA Daily 8/14,2020-08-14T20:59:53.375654,estk_3caf7d1e2815d858af1a06f413850d3c,evt_3caf7d1e2815d858,Montrezl Harrell,NBA,0,0,0,0,1.0000,1.6900,,
$500 NBA Daily 8/14,2020-08-14T22:47:39.263410,estk_3caf7d1e2815d858e9aea717e9a5e7f3,evt_3caf7d1e2815d858,Reggie Jackson,NBA,26.3,25.51,0,0.03,8.8700,5.8000,10.5800,7.1900
$500 NBA Daily 8/14,2020-08-14T22:47:39.263415,estk_3caf7d1e2815d85885e7a39b281a7530,evt_3caf7d1e2815d858,Ivica Zubac,NBA,25.69,24.92,0,0.03,8.5900,6.9700,10.2600,
$500 NBA Daily 8/14,2020-08-14T22:47:39.263423,estk_3caf7d1e2815d8584d546eba965e40a0,evt_3caf7d1e2815d858,Steven Adams,NBA,23.31,22.11,-0.5,0.03,7.4100,6.0600,9.0800,6.9200
$500 NBA Daily 8/14,2020-08-14T22:47:39.263430,estk_3caf7d1e2815d858f101f1906b677e1c,evt_3caf7d1e2815d858,JaMychal Green,NBA,22.79,23.61,1.5,0.03,7.1500,4.0700,8.7200,4.5400
$500 NBA Daily 8/14,2020-08-14T22:47:39.263435,estk_3caf7d1e2815d85833aee19dae855240,evt_3caf7d1e2815d858,Shai Gilgeous-Alexander,NBA,21.79,21.14,0,0.03,6.7400,5.5300,8.3500,4.5400
$500 NBA Daily 8/14,2020-08-14T22:47:39.263442,estk_3caf7d1e2815d858ce8e428feaa184fb,evt_3caf7d1e2815d858,Dennis Schroder,NBA,21.19,24.55,4,0.03,6.4300,3.5200,8.0600,5.0000
$500 NBA Daily 8/14,2020-08-14T22:47:39.263446,estk_3caf7d1e2815d8586e1b2c66fb087a89,evt_3caf7d1e2815d858,Danilo Gallinari,NBA,20.34,19.73,0,0.03,6.1600,5.0400,7.7600,
$500 NBA Daily 8/14,2020-08-14T22:47:39.263450,estk_3caf7d1e2815d85857693decb131a860,evt_3caf7d1e2815d858,Lou Williams,NBA,19.8,19.21,0,0.03,5.8200,4.9100,7.5100,5.0000
$500 NBA Daily 8/14,2020-08-14T22:47:39.263458,estk_3caf7d1e2815d8580b5bea604e9b515d,evt_3caf7d1e2815d858,Nerlens Noel,NBA,18.49,17.94,0,0.03,5.3800,4.4800,6.9200,4.2000
$500 NBA Daily 8/14,2020-08-14T22:47:39.263462,estk_3caf7d1e2815d858d5d16483f5148c0b,evt_3caf7d1e2815d858,Darius Bazley,NBA,18.42,17.87,0,0.03,5.3700,4.4500,6.8600,
$500 NBA Daily 8/14,2020-08-14T22:47:39.263466,estk_3caf7d1e2815d858d086e77c2f7fd9b3,evt_3caf7d1e2815d858,Hamidou Diallo,NBA,18.39,17.84,0,0.03,5.3400,4.4500,6.8900,5.5400
$500 NBA Daily 8/14,2020-08-14T22:47:39.263491,estk_3caf7d1e2815d858bb115bd4f54ff319,evt_3caf7d1e2815d858,Kawhi Leonard,NBA,11.63,11.28,0,0.03,3.1600,11.8000,4.7600,4.2600
$500 NBA Daily 8/14,2020-08-14T22:47:39.263495,estk_3caf7d1e2815d858f59563a6406f63f4,evt_3caf7d1e2815d858,Paul George,NBA,10.67,10.35,0,0.03,2.9800,10.9700,4.5200,4.0200
$500 NBA Daily 8/14,2020-08-14T22:47:39.263499,estk_3caf7d1e2815d8586e82fa5f30bdfa80,evt_3caf7d1e2815d858,Marcus Morris,NBA,7.1,6.89,0,0.03,2.3100,5.6000,3.8300,3.3300
$500 NBA Daily 8/14,2020-08-14T22:47:39.263502,estk_3caf7d1e2815d85886ea8af848cca3f6,evt_3caf7d1e2815d858,Chris Paul,NBA,0,0,0,0.03,1.0000,2.9700,2.5200,
$500 NBA Daily 8/14,2020-08-14T22:47:39.263506,estk_3caf7d1e2815d858b402a1af1291a618,evt_3caf7d1e2815d858,Patrick Beverley,NBA,0,0,0,0.03,1.0000,1.5000,2.5200,2.0200
$500 NBA Daily 8/14,2020-08-14T22:47:39.263510,estk_3caf7d1e2815d85885078b5202b93fb5,evt_3caf7d1e2815d858,Luguentz Dort,NBA,0,0,0,0.03,1.0000,1.4600,2.5200,2.0200
$500 NBA Daily 8/14,2020-08-14T22:47:39.263520,estk_3caf7d1e2815d858af1a06f413850d3c,evt_3caf7d1e2815d858,Montrezl Harrell,NBA,0,0,0,0.03,1.0000,1.6900,2.5200,2.0200
$500 NBA Daily 8/14,2020-08-14T22:48:39.935967,estk_3caf7d1e2815d858e9aea717e9a5e7f3,evt_3caf7d1e2815d858,Reggie Jackson,NBA,26.3,25.25,0,0.04,8.6000,5.8000,10.5800,10.0800
$500 NBA Daily 8/14,2020-08-14T22:48:39.935972,estk_3caf7d1e2815d85885e7a39b281a7530,evt_3caf7d1e2815d858,Ivica Zubac,NBA,25.69,26.66,2,0.04,8.2300,6.9700,10.2600,6.9200
$500 NBA Daily 8/14,2020-08-14T22:48:39.935976,estk_3caf7d1e2815d858ce8e428feaa184fb,evt_3caf7d1e2815d858,Dennis Schroder,NBA,21.19,24.34,4,0.04,8.0200,3.5200,8.0600,6.3600
$500 NBA Daily 8/14,2020-08-14T22:48:39.935983,estk_3caf7d1e2815d858f101f1906b677e1c,evt_3caf7d1e2815d858,JaMychal Green,NBA,22.79,24.63,2.75,0.04,7.6400,4.0700,8.7200,5.9900
$500 NBA Daily 8/14,2020-08-14T22:48:39.935991,estk_3caf7d1e2815d8584d546eba965e40a0,evt_3caf7d1e2815d858,Steven Adams,NBA,23.31,22.63,0.25,0.04,6.9700,6.0600,9.0800,5.7600
$500 NBA Daily 8/14,2020-08-14T22:48:39.935999,estk_3caf7d1e2815d85833aee19dae855240,evt_3caf7d1e2815d858,Shai Gilgeous-Alexander,NBA,21.79,20.42,-0.5,0.04,6.4000,5.5300,8.3500,5.5400
$500 NBA Daily 8/14,2020-08-14T22:48:39.936003,estk_3caf7d1e2815d8586e1b2c66fb087a89,evt_3caf7d1e2815d858,Danilo Gallinari,NBA,20.34,19.03,-0.5,0.04,5.8600,5.0400,7.7600,4.5400
$500 NBA Daily 8/14,2020-08-14T22:48:39.936007,estk_3caf7d1e2815d85857693decb131a860,evt_3caf7d1e2815d858,Lou Williams,NBA,19.8,19.01,0,0.04,5.6300,4.9100,7.5100,7.0100
$500 NBA Daily 8/14,2020-08-14T22:48:39.936018,estk_3caf7d1e2815d8580b5bea604e9b515d,evt_3caf7d1e2815d858,Nerlens Noel,NBA,18.49,17.75,0,0.04,5.2200,4.4800,6.9200,5.5400
$500 NBA Daily 8/14,2020-08-14T22:48:39.936022,estk_3caf7d1e2815d858d086e77c2f7fd9b3,evt_3caf7d1e2815d858,Hamidou Diallo,NBA,18.39,17.65,0,0.04,5.1500,4.4500,6.8900,6.3900
$500 NBA Daily 8/14,2020-08-14T22:48:39.936026,estk_3caf7d1e2815d858d5d16483f5148c0b,evt_3caf7d1e2815d858,Darius Bazley,NBA,18.42,17.68,0,0.04,5.0400,4.4500,6.8600,4.5400
$500 NBA Daily 8/14,2020-08-14T22:48:39.936048,estk_3caf7d1e2815d858bb115bd4f54ff319,evt_3caf7d1e2815d858,Kawhi Leonard,NBA,11.63,11.16,0,0.04,3.1000,11.8000,4.7600,4.2600
$500 NBA Daily 8/14,2020-08-14T22:48:39.936051,estk_3caf7d1e2815d858f59563a6406f63f4,evt_3caf7d1e2815d858,Paul George,NBA,10.67,10.24,0,0.04,2.8800,10.9700,4.5200,4.0200
$500 NBA Daily 8/14,2020-08-14T22:48:39.936055,estk_3caf7d1e2815d8586e82fa5f30bdfa80,evt_3caf7d1e2815d858,Marcus Morris,NBA,7.1,6.82,0,0.04,2.2400,5.6000,3.8300,3.3300
$500 NBA Daily 8/14,2020-08-14T22:48:39.936059,estk_3caf7d1e2815d85886ea8af848cca3f6,evt_3caf7d1e2815d858,Chris Paul,NBA,0,0,0,0.04,1.0000,2.9700,2.5200,2.0200
$500 NBA Daily 8/14,2020-08-14T22:48:39.936063,estk_3caf7d1e2815d858b402a1af1291a618,evt_3caf7d1e2815d858,Patrick Beverley,NBA,0,0,0,0.04,1.0000,1.5000,2.5200,
$500 NBA Daily 8/14,2020-08-14T22:48:39.936066,estk_3caf7d1e2815d85885078b5202b93fb5,evt_3caf7d1e2815d858,Luguentz Dort,NBA,0,0,0,0.04,1.0000,1.4600,2.5200,2.0200
$500 NBA Daily 8/14,2020-08-14T22:48:39.936077,estk_3caf7d1e2815d858af1a06f413850d3c,evt_3caf7d1e2815d858,Montrezl Harrell,NBA,0,0,0,0.04,1.0000,1.6900,2.5200,2.0200
$500 NBA Daily 8/14,2020-08-14T22:51:42.027090,estk_3caf7d1e2815d85885e7a39b281a7530,evt_3caf7d1e2815d858,Ivica Zubac,NBA,25.69,28.13,4.5,0.08,9.1100,6.9700,10.3600,7.5000
$500 NBA Daily 8/14,2020-08-14T22:51:42.027101,estk_3caf7d1e2815d858e9aea717e9a5e7f3,evt_3caf7d1e2815d858,Reggie Jackson,NBA,26.3,27.95,3.75,0.08,8.4000,5.8000,9.9200,7.1900
$500 NBA Daily 8/14,2020-08-14T22:51:42.027106,estk_3caf7d1e2815d858f101f1906b677e1c,evt_3caf7d1e2815d858,JaMychal Green,NBA,22.79,26.47,5.5,0.08,8.1000,4.0700,9.7300,6.4400
$500 NBA Daily 8/14,2020-08-14T22:51:42.027110,estk_3caf7d1e2815d858ce8e428feaa184fb,evt_3caf7d1e2815d858,Dennis Schroder,NBA,21.19,23.49,4,0.08,7.9200,3.5200,9.6100,6.3600
$500 NBA Daily 8/14,2020-08-14T22:51:42.027122,estk_3caf7d1e2815d8584d546eba965e40a0,evt_3caf7d1e2815d858,Steven Adams,NBA,23.31,23.7,2.25,0.08,7.1700,6.0600,9.0800,5.7600
$500 NBA Daily 8/14,2020-08-14T22:51:42.027130,estk_3caf7d1e2815d85833aee19dae855240,evt_3caf7d1e2815d858,Shai Gilgeous-Alexander,NBA,21.79,19.05,-1,0.08,6.0900,5.5300,7.6900,4.7700
$500 NBA Daily 8/14,2020-08-14T22:51:42.027137,estk_3caf7d1e2815d85857693decb131a860,evt_3caf7d1e2815d858,Lou Williams,NBA,19.8,18.22,0,0.08,5.5800,4.9100,7.5100,4.2000
$500 NBA Daily 8/14,2020-08-14T22:51:42.027141,estk_3caf7d1e2815d8586e1b2c66fb087a89,evt_3caf7d1e2815d858,Danilo Gallinari,NBA,20.34,17.21,-1.5,0.08,5.5400,5.0400,7.1500,4.5400
$500 NBA Daily 8/14,2020-08-14T22:51:42.027149,estk_3caf7d1e2815d8580b5bea604e9b515d,evt_3caf7d1e2815d858,Nerlens Noel,NBA,18.49,17.01,0,0.08,5.0800,4.4800,6.9200,3.7700
$500 NBA Daily 8/14,2020-08-14T22:51:42.027153,estk_3caf7d1e2815d858d5d16483f5148c0b,evt_3caf7d1e2815d858,Darius Bazley,NBA,18.42,16.95,0,0.08,5.0700,4.4500,6.8600,3.5000
$500 NBA Daily 8/14,2020-08-14T22:51:42.027157,estk_3caf7d1e2815d858d086e77c2f7fd9b3,evt_3caf7d1e2815d858,Hamidou Diallo,NBA,18.39,16.92,0,0.08,5.0700,4.4500,6.8900,3.7300
$500 NBA Daily 8/14,2020-08-14T22:51:42.027179,estk_3caf7d1e2815d858bb115bd4f54ff319,evt_3caf7d1e2815d858,Kawhi Leonard,NBA,11.63,10.7,0,0.08,3.0700,11.8000,4.7600,1.6000
$500 NBA Daily 8/14,2020-08-14T22:51:42.027183,estk_3caf7d1e2815d858f59563a6406f63f4,evt_3caf7d1e2815d858,Paul George,NBA,10.67,9.82,0,0.08,2.8700,10.9700,4.5200,1.4200
$500 NBA Daily 8/14,2020-08-14T22:51:42.027187,estk_3caf7d1e2815d8586e82fa5f30bdfa80,evt_3caf7d1e2815d858,Marcus Morris,NBA,7.1,6.53,0,0.08,2.2200,5.6000,3.8300,
$500 NBA Daily 8/14,2020-08-14T22:51:42.027191,estk_3caf7d1e2815d85886ea8af848cca3f6,evt_3caf7d1e2815d858,Chris Paul,NBA,0,0,0,0.08,1.0000,2.9700,2.5200,
$500 NBA Daily 8/14,2020-08-14T22:51:42.027194,estk_3caf7d1e2815d858b402a1af1291a618,evt_3caf7d1e2815d858,Patrick Beverley,NBA,0,0,0,0.08,1.0000,1.5000,2.5200,
$500 NBA Daily 8/14,2020-08-14T22:51:42.027198,estk_3caf7d1e2815d85885078b5202b93fb5,evt_3caf7d1e2815d858,Luguentz Dort,NBA,0,0,0,0.08,1.0000,1.4600,2.5200,
$500 NBA Daily 8/14,2020-08-14T22:51:42.027209,estk_3caf7d1e2815d858af1a06f413850d3c,evt_3caf7d1e2815d858,Montrezl Harrell,NBA,0,0,0,0.08,1.0000,1.6900,2.5200,
$500 NBA Daily 8/14,2020-08-14T22:52:43.031301,estk_3caf7d1e2815d85885e7a39b281a7530,evt_3caf7d1e2815d858,Ivica Zubac,NBA,25.69,27.88,4.5,0.09,9.7800,6.9700,11.4800,8.0800
$500 NBA Daily 8/14,2020-08-14T22:52:43.031308,estk_3caf7d1e2815d858e9aea717e9a5e7f3,evt_3caf7d1e2815d858,Reggie Jackson,NBA,26.3,27.18,3.25,0.09,9.7200,5.8000,11.4100,8.0300
$500 NBA Daily 8/14,2020-08-14T22:52:43.031312,estk_3caf7d1e2815d858f101f1906b677e1c,evt_3caf7d1e2815d858,JaMychal Green,NBA,22.79,26.24,5.5,0.09,9.0200,4.0700,,7.3400
$500 NBA Daily 8/14,2020-08-14T22:52:43.031324,estk_3caf7d1e2815d8584d546eba965e40a0,evt_3caf7d1e2815d858,Steven Adams,NBA,23.31,23.46,2.25,0.09,7.6100,6.0600,9.0800,5.9600
$500 NBA Daily 8/14,2020-08-14T22:52:43.031328,estk_3caf7d1e2815d858ce8e428feaa184fb,evt_3caf7d1e2815d858,Dennis Schroder,NBA,21.19,23.28,4,0.09,7.5600,3.5200,9.6100,6.3600
$500 NBA Daily 8/14,2020-08-14T22:52:43.031343,estk_3caf7d1e2815d85833aee19dae855240,evt_3caf7d1e2815d858,Shai Gilgeous-Alexander,NBA,21.79,20.83,1,0.09,5.5500,5.5300,,4.5400
$500 NBA Daily 8/14,2020-08-14T22:52:43.031351,estk_3caf7d1e2815d85857693decb131a860,evt_3caf7d1e2815d858,Lou Williams,NBA,19.8,18.02,0,0.09,5.1600,4.9100,,4.2000
$500 NBA Daily 8/14,2020-08-14T22:52:43.031362,estk_3caf7d1e2815d8586e1b2c66fb087a89,evt_3caf7d1e2815d858,Danilo Gallinari,NBA,20.34,19.01,0.5,0.09,4.7700,5.0400,6.3700,4.5400
$500 NBA Daily 8/14,2020-08-14T22:52:43.031366,estk_3caf7d1e2815d858d086e77c2f7fd9b3,evt_3caf7d1e2815d858,Hamidou Diallo,NBA,18.39,16.73,0,0.09,4.7500,4.4500,6.8900,3.7300
$500 NBA Daily 8/14,2020-08-14T22:52:43.031370,estk_3caf7d1e2815d858d5d16483f5148c0b,evt_3caf7d1e2815d858,Darius Bazley,NBA,18.42,16.76,0,0.09,4.7400,4.4500,6.3300,3.5000
$500 NBA Daily 8/14,2020-08-14T22:52:43.031374,estk_3caf7d1e2815d8580b5bea604e9b515d,evt_3caf7d1e2815d858,Nerlens Noel,NBA,18.49,16.83,0,0.09,4.7000,4.4800,6.2900,3.7700
$500 NBA Daily 8/14,2020-08-14T22:52:43.031388,estk_3caf7d1e2815d858bb115bd4f54ff319,evt_3caf7d1e2815d858,Kawhi Leonard,NBA,11.63,10.58,0,0.09,2.8900,11.8000,4.7600,1.6000
$500 NBA Daily 8/14,2020-08-14T22:52:43.031392,estk_3caf7d1e2815d858f59563a6406f63f4,evt_3caf7d1e2815d858,Paul George,NBA,10.67,9.71,0,0.09,2.7200,10.9700,4.5200,1.4200
$500 NBA Daily 8/14,2020-08-14T22:52:43.031396,estk_3caf7d1e2815d8586e82fa5f30bdfa80,evt_3caf7d1e2815d858,Marcus Morris,NBA,7.1,6.46,0,0.09,2.0900,5.6000,3.8300,
$500 NBA Daily 8/14,2020-08-14T22:52:43.031400,estk_3caf7d1e2815d85886ea8af848cca3f6,evt_3caf7d1e2815d858,Chris Paul,NBA,0,0,0,0.09,1.0000,2.9700,2.5200,
$500 NBA Daily 8/14,2020-08-14T22:52:43.031404,estk_3caf7d1e2815d858b402a1af1291a618,evt_3caf7d1e2815d858,Patrick Beverley,NBA,0,0,0,0.09,1.0000,1.5000,2.5200,
$500 NBA Daily 8/14,2020-08-14T22:52:43.031408,estk_3caf7d1e2815d85885078b5202b93fb5,evt_3caf7d1e2815d858,Luguentz Dort,NBA,0,0,0,0.09,1.0000,1.4600,2.5200,
$500 NBA Daily 8/14,2020-08-14T22:52:43.031419,estk_3caf7d1e2815d858af1a06f413850d3c,evt_3caf7d1e2815d858,Montrezl Harrell,NBA,0,0,0,0.09,1.0000,1.6900,2.5200,
$500 NBA Daily 8/14,2020-08-14T22:53:43.687775,estk_3caf7d1e2815d85885e7a39b281a7530,evt_3caf7d1e2815d858,Ivica Zubac,NBA,25.69,27.62,4.5,0.1,9.8100,6.9700,11.4800,8.1100
$500 NBA Daily 8/14,2020-08-14T22:53:43.687781,estk_3caf7d1e2815d858e9aea717e9a5e7f3,evt_3caf7d1e2815d858,Reggie Jackson,NBA,26.3,26.42,2.75,0.1,9.3500,5.8000,11.0400,8.0300
$500 NBA Daily 8/14,2020-08-14T22:53:43.687789,estk_3caf7d1e2815d858f101f1906b677e1c,evt_3caf7d1e2815d858,JaMychal Green,NBA,22.79,26.01,5.5,0.1,8.7900,4.0700,10.4700,7.3400
$500 NBA Daily 8/14,2020-08-14T22:53:43.687797,estk_3caf7d1e2815d8584d546eba965e40a0,evt_3caf7d1e2815d858,Steven Adams,NBA,23.31,23.23,2.25,0.1,7.4600,6.0600,9.0800,5.9600
$500 NBA Daily 8/14,2020-08-14T22:53:43.687804,estk_3caf7d1e2815d858ce8e428feaa184fb,evt_3caf7d1e2815d858,Dennis Schroder,NBA,21.19,23.07,4,0.1,7.3000,3.5200,8.9500,6.3600
$500 NBA Daily 8/14,2020-08-14T22:53:43.687812,estk_3caf7d1e2815d85833aee19dae855240,evt_3caf7d1e2815d858,Shai Gilgeous-Alexander,NBA,21.79,24.61,5,0.1,6.2500,5.5300,7.8800,4.6300
$500 NBA Daily 8/14,2020-08-14T22:53:43.687820,estk_3caf7d1e2815d8586e1b2c66fb087a89,evt_3caf7d1e2815d858,Danilo Gallinari,NBA,20.34,18.81,0.5,0.1,5.4500,5.0400,7.0600,3.8400
$500 NBA Daily 8/14,2020-08-14T22:53:43.687828,estk_3caf7d1e2815d85857693decb131a860,evt_3caf7d1e2815d858,Lou Williams,NBA,19.8,17.82,0,0.1,5.1200,4.9100,6.7200,4.2000
$500 NBA Daily 8/14,2020-08-14T22:53:43.687839,estk_3caf7d1e2815d8580b5bea604e9b515d,evt_3caf7d1e2815d858,Nerlens Noel,NBA,18.49,16.64,0,0.1,4.6200,4.4800,6.2100,3.7700
$500 NBA Daily 8/14,2020-08-14T22:53:43.687842,estk_3caf7d1e2815d858d5d16483f5148c0b,evt_3caf7d1e2815d858,Darius Bazley,NBA,18.42,16.58,0,0.1,4.6200,4.4500,6.2100,3.5000
$500 NBA Daily 8/14,2020-08-14T22:53:43.687846,estk_3caf7d1e2815d858d086e77c2f7fd9b3,evt_3caf7d1e2815d858,Hamidou Diallo,NBA,18.39,16.55,0,0.1,4.6100,4.4500,6.2000,3.7300
$500 NBA Daily 8/14,2020-08-14T22:53:43.687861,estk_3caf7d1e2815d858bb115bd4f54ff319,evt_3caf7d1e2815d858,Kawhi Leonard,NBA,11.63,10.47,0,0.1,2.8400,11.8000,4.7600,1.6000
$500 NBA Daily 8/14,2020-08-14T22:53:43.687865,estk_3caf7d1e2815d858f59563a6406f63f4,evt_3caf7d1e2815d858,Paul George,NBA,10.67,9.6,0,0.1,2.6700,10.9700,4.5200,1.4200
$500 NBA Daily 8/14,2020-08-14T22:53:43.687869,estk_3caf7d1e2815d8586e82fa5f30bdfa80,evt_3caf7d1e2815d858,Marcus Morris,NBA,7.1,6.39,0,0.1,2.0900,5.6000,3.8300,
$500 NBA Daily 8/14,2020-08-14T22:53:43.687872,estk_3caf7d1e2815d85886ea8af848cca3f6,evt_3caf7d1e2815d858,Chris Paul,NBA,0,0,0,0.1,1.0000,2.9700,2.5200,
$500 NBA Daily 8/14,2020-08-14T22:53:43.687876,estk_3caf7d1e2815d858b402a1af1291a618,evt_3caf7d1e2815d858,Patrick Beverley,NBA,0,0,0,0.1,1.0000,1.5000,2.5200,
$500 NBA Daily 8/14,2020-08-14T22:53:43.687880,estk_3caf7d1e2815d85885078b5202b93fb5,evt_3caf7d1e2815d858,Luguentz Dort,NBA,0,0,0,0.1,1.0000,1.4600,2.5200,
$500 NBA Daily 8/14,2020-08-14T22:53:43.687890,estk_3caf7d1e2815d858af1a06f413850d3c,evt_3caf7d1e2815d858,Montrezl Harrell,NBA,0,0,0,0.1,1.0000,1.6900,2.5200,
$500 NBA Daily 8/14,2020-08-14T22:58:46.682581,estk_3caf7d1e2815d85885e7a39b281a7530,evt_3caf7d1e2815d858,Ivica Zubac,NBA,25.69,26.61,4,0.12,9.4700,6.9700,11.4800,8.1100
$500 NBA Daily 8/14,2020-08-14T22:58:46.682591,estk_3caf7d1e2815d858e9aea717e9a5e7f3,evt_3caf7d1e2815d858,Reggie Jackson,NBA,26.3,25.89,2.75,0.12,8.8400,5.8000,10.6500,8.0300
$500 NBA Daily 8/14,2020-08-14T22:58:46.682595,estk_3caf7d1e2815d858f101f1906b677e1c,evt_3caf7d1e2815d858,JaMychal Green,NBA,22.79,25.56,5.5,0.12,8.7600,4.0700,10.4700,7.3400
$500 NBA Daily 8/14,2020-08-14T22:58:46.682599,estk_3caf7d1e2815d85833aee19dae855240,evt_3caf7d1e2815d858,Shai Gilgeous-Alexander,NBA,21.79,25.43,6.25,0.12,8.0200,5.5300,9.6700,6.3500
$500 NBA Daily 8/14,2020-08-14T22:58:46.682606,estk_3caf7d1e2815d8584d546eba965e40a0,evt_3caf7d1e2815d858,Steven Adams,NBA,23.31,24.01,3.5,0.12,7.2900,6.0600,9.0800,5.9600
$500 NBA Daily 8/14,2020-08-14T22:58:46.682614,estk_3caf7d1e2815d858ce8e428feaa184fb,evt_3caf7d1e2815d858,Dennis Schroder,NBA,21.19,24.65,6,0.12,7.1900,3.5200,8.8600,6.2900
$500 NBA Daily 8/14,2020-08-14T22:58:46.682630,estk_3caf7d1e2815d8586e1b2c66fb087a89,evt_3caf7d1e2815d858,Danilo Gallinari,NBA,20.34,18.4,0.5,0.12,5.4000,5.0400,6.9200,3.8400
$500 NBA Daily 8/14,2020-08-14T22:58:46.682633,estk_3caf7d1e2815d85857693decb131a860,evt_3caf7d1e2815d858,Lou Williams,NBA,19.8,17.42,0,0.12,4.9700,4.9100,6.7200,4.0200
$500 NBA Daily 8/14,2020-08-14T22:58:46.682644,estk_3caf7d1e2815d8580b5bea604e9b515d,evt_3caf7d1e2815d858,Nerlens Noel,NBA,18.49,16.27,0,0.12,4.5300,4.4800,6.2100,3.6200
$500 NBA Daily 8/14,2020-08-14T22:58:46.682648,estk_3caf7d1e2815d858d086e77c2f7fd9b3,evt_3caf7d1e2815d858,Hamidou Diallo,NBA,18.39,16.18,0,0.12,4.5200,4.4500,6.2000,3.5500
$500 NBA Daily 8/14,2020-08-14T22:58:46.682651,estk_3caf7d1e2815d858d5d16483f5148c0b,evt_3caf7d1e2815d858,Darius Bazley,NBA,18.42,16.21,0,0.12,4.4900,4.4500,6.2100,3.5000
$500 NBA Daily 8/14,2020-08-14T22:58:46.682667,estk_3caf7d1e2815d858bb115bd4f54ff319,evt_3caf7d1e2815d858,Kawhi Leonard,NBA,11.63,10.23,0,0.12,2.7800,11.8000,4.7600,1.6000
$500 NBA Daily 8/14,2020-08-14T22:58:46.682670,estk_3caf7d1e2815d858f59563a6406f63f4,evt_3caf7d1e2815d858,Paul George,NBA,10.67,9.39,0,0.12,2.6500,10.9700,4.5200,1.4200
$500 NBA Daily 8/14,2020-08-14T22:58:46.682674,estk_3caf7d1e2815d8586e82fa5f30bdfa80,evt_3caf7d1e2815d858,Marcus Morris,NBA,7.1,6.25,0,0.12,2.0500,5.6000,3.8300,
$500 NBA Daily 8/14,2020-08-14T22:58:46.682678,estk_3caf7d1e2815d85886ea8af848cca3f6,evt_3caf7d1e2815d858,Chris Paul,NBA,0,0,0,0.12,1.0000,2.9700,2.5200,
$500 NBA Daily 8/14,2020-08-14T22:58:46.682682,estk_3caf7d1e2815d858b402a1af1291a618,evt_3caf7d1e2815d858,Patrick Beverley,NBA,0,0,0,0.12,1.0000,1.5000,2.5200,
$500 NBA Daily 8/14,2020-08-14T22:58:46.682686,estk_3caf7d1e2815d85885078b5202b93fb5,evt_3caf7d1e2815d858,Luguentz Dort,NBA,0,0,0,0.12,1.0000,1.4600,2.5200,
$500 NBA Daily 8/14,2020-08-14T22:58:46.682696,estk_3caf7d1e2815d858af1a06f413850d3c,evt_3caf7d1e2815d858,Montrezl Harrell,NBA,0,0,0,0.12,1.0000,1.6900,2.5200,
$500 NBA Daily 8/14,2020-08-14T23:00:47.884262,estk_3caf7d1e2815d85885e7a39b281a7530,evt_3caf7d1e2815d858,Ivica Zubac,NBA,25.69,25.84,4,0.15,9.1300,6.9700,10.8100,8.1100
$500 NBA Daily 8/14,2020-08-14T23:00:47.884272,estk_3caf7d1e2815d858e9aea717e9a5e7f3,evt_3caf7d1e2815d858,Reggie Jackson,NBA,26.3,25.11,2.75,0.15,8.6700,5.8000,10.3400,7.6600
$500 NBA Daily 8/14,2020-08-14T23:00:47.884276,estk_3caf7d1e2815d858f101f1906b677e1c,evt_3caf7d1e2815d858,JaMychal Green,NBA,22.79,29.62,10.25,0.15,8.5600,4.0700,10.4700,7.3400
$500 NBA Daily 8/14,2020-08-14T23:00:47.884280,estk_3caf7d1e2815d85833aee19dae855240,evt_3caf7d1e2815d858,Shai Gilgeous-Alexander,NBA,21.79,23.27,4.75,0.15,8.4000,5.5300,9.6700,6.7300
$500 NBA Daily 8/14,2020-08-14T23:00:47.884284,estk_3caf7d1e2815d858ce8e428feaa184fb,evt_3caf7d1e2815d858,Dennis Schroder,NBA,21.19,23.51,5.5,0.15,8.0500,3.5200,9.7100,6.2900
$500 NBA Daily 8/14,2020-08-14T23:00:47.884293,estk_3caf7d1e2815d8584d546eba965e40a0,evt_3caf7d1e2815d858,Steven Adams,NBA,23.31,23.31,3.5,0.15,7.7200,6.0600,9.0800,6.0700
$500 NBA Daily 8/14,2020-08-14T23:00:47.884311,estk_3caf7d1e2815d8586e1b2c66fb087a89,evt_3caf7d1e2815d858,Danilo Gallinari,NBA,20.34,19.04,1.75,0.15,5.1600,5.0400,6.9200,3.8400
$500 NBA Daily 8/14,2020-08-14T23:00:47.884322,estk_3caf7d1e2815d85857693decb131a860,evt_3caf7d1e2815d858,Lou Williams,NBA,19.8,16.83,0,0.15,4.8200,4.9100,6.7200,3.9700
$500 NBA Daily 8/14,2020-08-14T23:00:47.884326,estk_3caf7d1e2815d8580b5bea604e9b515d,evt_3caf7d1e2815d858,Nerlens Noel,NBA,18.49,15.22,-0.5,0.15,4.4100,4.4800,6.2100,3.4800
$500 NBA Daily 8/14,2020-08-14T23:00:47.884329,estk_3caf7d1e2815d858d5d16483f5148c0b,evt_3caf7d1e2815d858,Darius Bazley,NBA,18.42,15.66,0,0.15,4.3500,4.4500,6.2100,3.5000
$500 NBA Daily 8/14,2020-08-14T23:00:47.884334,estk_3caf7d1e2815d858d086e77c2f7fd9b3,evt_3caf7d1e2815d858,Hamidou Diallo,NBA,18.39,15.63,0,0.15,4.3200,4.4500,6.2000,3.4700
$500 NBA Daily 8/14,2020-08-14T23:00:47.884349,estk_3caf7d1e2815d858bb115bd4f54ff319,evt_3caf7d1e2815d858,Kawhi Leonard,NBA,11.63,9.89,0,0.15,2.7000,11.8000,4.2500,1.6000
$500 NBA Daily 8/14,2020-08-14T23:00:47.884352,estk_3caf7d1e2815d858f59563a6406f63f4,evt_3caf7d1e2815d858,Paul George,NBA,10.67,9.07,0,0.15,2.5300,10.9700,4.5200,1.4200
$500 NBA Daily 8/14,2020-08-14T23:00:47.884356,estk_3caf7d1e2815d8586e82fa5f30bdfa80,evt_3caf7d1e2815d858,Marcus Morris,NBA,7.1,6.03,0,0.15,1.9900,5.6000,3.8300,
$500 NBA Daily 8/14,2020-08-14T23:00:47.884359,estk_3caf7d1e2815d85886ea8af848cca3f6,evt_3caf7d1e2815d858,Chris Paul,NBA,0,0,0,0.15,1.0000,2.9700,2.5200,
$500 NBA Daily 8/14,2020-08-14T23:00:47.884363,estk_3caf7d1e2815d858b402a1af1291a618,evt_3caf7d1e2815d858,Patrick Beverley,NBA,0,0,0,0.15,1.0000,1.5000,2.5200,
$500 NBA Daily 8/14,2020-08-14T23:00:47.884367,estk_3caf7d1e2815d85885078b5202b93fb5,evt_3caf7d1e2815d858,Luguentz Dort,NBA,0,0,0,0.15,1.0000,1.4600,2.5200,
$500 NBA Daily 8/14,2020-08-14T23:00:47.884378,estk_3caf7d1e2815d858af1a06f413850d3c,evt_3caf7d1e2815d858,Montrezl Harrell,NBA,0,0,0,0.15,1.0000,1.6900,2.5200,
$500 NBA Daily 8/14,2020-08-14T23:02:49.024099,estk_3caf7d1e2815d858f101f1906b677e1c,evt_3caf7d1e2815d858,JaMychal Green,NBA,22.79,29.17,10.25,0.17,10.7800,4.0700,12.5000,9.1200
$500 NBA Daily 8/14,2020-08-14T23:02:49.024109,estk_3caf7d1e2815d85885e7a39b281a7530,evt_3caf7d1e2815d858,Ivica Zubac,NBA,25.69,25.32,4,0.17,8.7800,6.9700,10.8100,7.5000
$500 NBA Daily 8/14,2020-08-14T23:02:49.024114,estk_3caf7d1e2815d858e9aea717e9a5e7f3,evt_3caf7d1e2815d858,Reggie Jackson,NBA,26.3,24.58,2.75,0.17,8.4000,5.8000,10.0200,7.3100
$500 NBA Daily 8/14,2020-08-14T23:02:49.024122,estk_3caf7d1e2815d858ce8e428feaa184fb,evt_3caf7d1e2815d858,Dennis Schroder,NBA,21.19,25.09,7.5,0.17,7.5100,3.5200,9.1600,6.2900
$500 NBA Daily 8/14,2020-08-14T23:02:49.024129,estk_3caf7d1e2815d85833aee19dae855240,evt_3caf7d1e2815d858,Shai Gilgeous-Alexander,NBA,21.79,22.84,4.75,0.17,7.4200,5.5300,9.0000,6.3600
$500 NBA Daily 8/14,2020-08-14T23:02:49.024134,estk_3caf7d1e2815d8584d546eba965e40a0,evt_3caf7d1e2815d858,Steven Adams,NBA,23.31,22.85,3.5,0.17,7.4000,6.0600,9.0800,6.0700
$500 NBA Daily 8/14,2020-08-14T23:02:49.024146,estk_3caf7d1e2815d8586e1b2c66fb087a89,evt_3caf7d1e2815d858,Danilo Gallinari,NBA,20.34,18.63,1.75,0.17,5.4700,5.0400,6.9200,3.8600
$500 NBA Daily 8/14,2020-08-14T23:02:49.024160,estk_3caf7d1e2815d85857693decb131a860,evt_3caf7d1e2815d858,Lou Williams,NBA,19.8,16.43,0,0.17,4.6000,4.9100,6.1900,3.5600
$500 NBA Daily 8/14,2020-08-14T23:02:49.024164,estk_3caf7d1e2815d858d5d16483f5148c0b,evt_3caf7d1e2815d858,Darius Bazley,NBA,18.42,15.29,0,0.17,4.2400,4.4500,5.7500,3.3000
$500 NBA Daily 8/14,2020-08-14T23:02:49.024168,estk_3caf7d1e2815d858d086e77c2f7fd9b3,evt_3caf7d1e2815d858,Hamidou Diallo,NBA,18.39,15.26,0,0.17,4.1900,4.4500,5.7700,3.1600
$500 NBA Daily 8/14,2020-08-14T23:02:49.024172,estk_3caf7d1e2815d8580b5bea604e9b515d,evt_3caf7d1e2815d858,Nerlens Noel,NBA,18.49,14.85,-0.5,0.17,4.0700,4.4800,5.6500,3.1100
$500 NBA Daily 8/14,2020-08-14T23:02:49.024187,estk_3caf7d1e2815d858bb115bd4f54ff319,evt_3caf7d1e2815d858,Kawhi Leonard,NBA,11.63,9.65,0,0.17,2.6200,11.8000,4.2500,1.6000
$500 NBA Daily 8/14,2020-08-14T23:02:49.024190,estk_3caf7d1e2815d858f59563a6406f63f4,evt_3caf7d1e2815d858,Paul George,NBA,10.67,8.86,0,0.17,2.4800,10.9700,4.0000,1.4200
$500 NBA Daily 8/14,2020-08-14T23:02:49.024194,estk_3caf7d1e2815d8586e82fa5f30bdfa80,evt_3caf7d1e2815d858,Marcus Morris,NBA,7.1,5.89,0,0.17,1.9200,5.6000,3.8300,
$500 NBA Daily 8/14,2020-08-14T23:02:49.024198,estk_3caf7d1e2815d85886ea8af848cca3f6,evt_3caf7d1e2815d858,Chris Paul,NBA,0,0,0,0.17,1.0000,2.9700,2.5200,
$500 NBA Daily 8/14,2020-08-14T23:02:49.024202,estk_3caf7d1e2815d858b402a1af1291a618,evt_3caf7d1e2815d858,Patrick Beverley,NBA,0,0,0,0.17,1.0000,1.5000,2.5200,
$500 NBA Daily 8/14,2020-08-14T23:02:49.024205,estk_3caf7d1e2815d85885078b5202b93fb5,evt_3caf7d1e2815d858,Luguentz Dort,NBA,0,0,0,0.17,1.0000,1.4600,2.5200,
$500 NBA Daily 8/14,2020-08-14T23:02:49.024216,estk_3caf7d1e2815d858af1a06f413850d3c,evt_3caf7d1e2815d858,Montrezl Harrell,NBA,0,0,0,0.17,1.0000,1.6900,2.5200,
$500 NBA Daily 8/14,2020-08-14T23:04:50.522778,estk_3caf7d1e2815d858f101f1906b677e1c,evt_3caf7d1e2815d858,JaMychal Green,NBA,22.79,28.94,10.25,0.18,10.7300,4.0700,12.5000,9.1200
$500 NBA Daily 8/14,2020-08-14T23:04:50.522788,estk_3caf7d1e2815d85885e7a39b281a7530,evt_3caf7d1e2815d858,Ivica Zubac,NBA,25.69,25.07,4,0.18,8.5200,6.9700,10.1800,7.5000
$500 NBA Daily 8/14,2020-08-14T23:04:50.522793,estk_3caf7d1e2815d858ce8e428feaa184fb,evt_3caf7d1e2815d858,Dennis Schroder,NBA,21.19,24.88,7.5,0.18,8.3400,3.5200,10.0100,6.7000
$500 NBA Daily 8/14,2020-08-14T23:04:50.522797,estk_3caf7d1e2815d858e9aea717e9a5e7f3,evt_3caf7d1e2815d858,Reggie Jackson,NBA,26.3,24.32,2.75,0.18,8.1100,5.8000,9.7700,7.0000
$500 NBA Daily 8/14,2020-08-14T23:04:50.522808,estk_3caf7d1e2815d8584d546eba965e40a0,evt_3caf7d1e2815d858,Steven Adams,NBA,23.31,22.61,3.5,0.18,7.2000,6.0600,9.0800,6.0700
$500 NBA Daily 8/14,2020-08-14T23:04:50.522813,estk_3caf7d1e2815d85833aee19dae855240,evt_3caf7d1e2815d858,Shai Gilgeous-Alexander,NBA,21.79,25.37,7.5,0.18,7.1700,5.5300,9.0000,5.7700
$500 NBA Daily 8/14,2020-08-14T23:04:50.522828,estk_3caf7d1e2815d8586e1b2c66fb087a89,evt_3caf7d1e2815d858,Danilo Gallinari,NBA,20.34,19.43,2.75,0.18,5.3500,5.0400,6.9200,3.8600
$500 NBA Daily 8/14,2020-08-14T23:04:50.522839,estk_3caf7d1e2815d85857693decb131a860,evt_3caf7d1e2815d858,Lou Williams,NBA,19.8,16.24,0,0.18,4.5300,4.9100,6.1900,3.5600
$500 NBA Daily 8/14,2020-08-14T23:04:50.522843,estk_3caf7d1e2815d858d5d16483f5148c0b,evt_3caf7d1e2815d858,Darius Bazley,NBA,18.42,15.1,0,0.18,4.0800,4.4500,5.6300,3.1500
$500 NBA Daily 8/14,2020-08-14T23:04:50.522847,estk_3caf7d1e2815d858d086e77c2f7fd9b3,evt_3caf7d1e2815d858,Hamidou Diallo,NBA,18.39,15.08,0,0.18,4.0800,4.4500,5.6600,3.1600
$500 NBA Daily 8/14,2020-08-14T23:04:50.522855,estk_3caf7d1e2815d8580b5bea604e9b515d,evt_3caf7d1e2815d858,Nerlens Noel,NBA,18.49,14.66,-0.5,0.18,3.9200,4.4800,5.6500,3.1100
$500 NBA Daily 8/14,2020-08-14T23:04:50.522866,estk_3caf7d1e2815d858bb115bd4f54ff319,evt_3caf7d1e2815d858,Kawhi Leonard,NBA,11.63,9.54,0,0.18,2.5900,11.8000,4.2500,1.6000
$500 NBA Daily 8/14,2020-08-14T23:04:50.522870,estk_3caf7d1e2815d858f59563a6406f63f4,evt_3caf7d1e2815d858,Paul George,NBA,10.67,8.75,0,0.18,2.4200,10.9700,4.0000,1.4200
$500 NBA Daily 8/14,2020-08-14T23:04:50.522873,estk_3caf7d1e2815d8586e82fa5f30bdfa80,evt_3caf7d1e2815d858,Marcus Morris,NBA,7.1,5.82,0,0.18,1.9400,5.6000,3.8300,
$500 NBA Daily 8/14,2020-08-14T23:04:50.522877,estk_3caf7d1e2815d85886ea8af848cca3f6,evt_3caf7d1e2815d858,Chris Paul,NBA,0,0,0,0.18,1.0000,2.9700,2.5200,
$500 NBA Daily 8/14,2020-08-14T23:04:50.522881,estk_3caf7d1e2815d858b402a1af1291a618,evt_3caf7d1e2815d858,Patrick Beverley,NBA,0,0,0,0.18,1.0000,1.5000,2.5200,
$500 NBA Daily 8/14,2020-08-14T23:04:50.522885,estk_3caf7d1e2815d85885078b5202b93fb5,evt_3caf7d1e2815d858,Luguentz Dort,NBA,0,0,0,0.18,1.0000,1.4600,2.5200,
$500 NBA Daily 8/14,2020-08-14T23:04:50.522895,estk_3caf7d1e2815d858af1a06f413850d3c,evt_3caf7d1e2815d858,Montrezl Harrell,NBA,0,0,0,0.18,1.0000,1.6900,2.5200,
$500 NBA Daily 8/14,2020-08-14T23:08:53.035024,estk_3caf7d1e2815d858f101f1906b677e1c,evt_3caf7d1e2815d858,JaMychal Green,NBA,22.79,28.25,10.25,0.21,10.4500,4.0700,12.5000,9.1200
$500 NBA Daily 8/14,2020-08-14T23:08:53.035035,estk_3caf7d1e2815d85833aee19dae855240,evt_3caf7d1e2815d858,Shai Gilgeous-Alexander,NBA,21.79,32.21,15,0.21,8.5400,5.5300,10.2000,6.8600
$500 NBA Daily 8/14,2020-08-14T23:08:53.035039,estk_3caf7d1e2815d85885e7a39b281a7530,evt_3caf7d1e2815d858,Ivica Zubac,NBA,25.69,24.3,4,0.21,8.4000,6.9700,10.1800,7.1000
$500 NBA Daily 8/14,2020-08-14T23:08:53.035043,estk_3caf7d1e2815d858ce8e428feaa184fb,evt_3caf7d1e2815d858,Dennis Schroder,NBA,21.19,24.24,7.5,0.21,8.1600,3.5200,10.0100,6.7000
$500 NBA Daily 8/14,2020-08-14T23:08:53.035051,estk_3caf7d1e2815d858e9aea717e9a5e7f3,evt_3caf7d1e2815d858,Reggie Jackson,NBA,26.3,23.53,2.75,0.21,7.9000,5.8000,9.5600,6.7300
$500 NBA Daily 8/14,2020-08-14T23:08:53.035058,estk_3caf7d1e2815d8584d546eba965e40a0,evt_3caf7d1e2815d858,Steven Adams,NBA,23.31,21.91,3.5,0.21,7.1200,6.0600,9.0800,6.0700
$500 NBA Daily 8/14,2020-08-14T23:08:53.035074,estk_3caf7d1e2815d8586e1b2c66fb087a89,evt_3caf7d1e2815d858,Danilo Gallinari,NBA,20.34,18.82,2.75,0.21,5.6200,5.0400,6.9200,4.0200
$500 NBA Daily 8/14,2020-08-14T23:08:53.035089,estk_3caf7d1e2815d85857693decb131a860,evt_3caf7d1e2815d858,Lou Williams,NBA,19.8,15.64,0,0.21,4.3800,4.9100,6.1900,3.3700
$500 NBA Daily 8/14,2020-08-14T23:08:53.035092,estk_3caf7d1e2815d858d5d16483f5148c0b,evt_3caf7d1e2815d858,Darius Bazley,NBA,18.42,15.8,1.25,0.21,3.9900,4.4500,5.6300,3.1500
$500 NBA Daily 8/14,2020-08-14T23:08:53.035096,estk_3caf7d1e2815d858d086e77c2f7fd9b3,evt_3caf7d1e2815d858,Hamidou Diallo,NBA,18.39,14.53,0,0.21,3.9900,4.4500,5.6600,3.1600
$500 NBA Daily 8/14,2020-08-14T23:08:53.035104,estk_3caf7d1e2815d8580b5bea604e9b515d,evt_3caf7d1e2815d858,Nerlens Noel,NBA,18.49,14.11,-0.5,0.21,3.8700,4.4800,5.6500,2.9600
$500 NBA Daily 8/14,2020-08-14T23:08:53.035116,estk_3caf7d1e2815d858bb115bd4f54ff319,evt_3caf7d1e2815d858,Kawhi Leonard,NBA,11.63,9.19,0,0.21,2.5400,11.8000,4.2500,1.6000
$500 NBA Daily 8/14,2020-08-14T23:08:53.035120,estk_3caf7d1e2815d858f59563a6406f63f4,evt_3caf7d1e2815d858,Paul George,NBA,10.67,8.43,0,0.21,2.3600,10.9700,4.0000,1.4200
$500 NBA Daily 8/14,2020-08-14T23:08:53.035123,estk_3caf7d1e2815d8586e82fa5f30bdfa80,evt_3caf7d1e2815d858,Marcus Morris,NBA,7.1,5.61,0,0.21,1.9000,5.6000,3.8300,
$500 NBA Daily 8/14,2020-08-14T23:08:53.035128,estk_3caf7d1e2815d85886ea8af848cca3f6,evt_3caf7d1e2815d858,Chris Paul,NBA,0,0,0,0.21,1.0000,2.9700,2.5200,
$500 NBA Daily 8/14,2020-08-14T23:08:53.035132,estk_3caf7d1e2815d858b402a1af1291a618,evt_3caf7d1e2815d858,Patrick Beverley,NBA,0,0,0,0.21,1.0000,1.5000,2.5200,
$500 NBA Daily 8/14,2020-08-14T23:08:53.035135,estk_3caf7d1e2815d85885078b5202b93fb5,evt_3caf7d1e2815d858,Luguentz Dort,NBA,0,0,0,0.21,1.0000,1.4600,2.5200,
$500 NBA Daily 8/14,2020-08-14T23:08:53.035147,estk_3caf7d1e2815d858af1a06f413850d3c,evt_3caf7d1e2815d858,Montrezl Harrell,NBA,0,0,0,0.21,1.0000,1.6900,2.5200,
$500 NBA Daily 8/14,2020-08-14T23:10:54.207125,estk_3caf7d1e2815d85833aee19dae855240,evt_3caf7d1e2815d858,Shai Gilgeous-Alexander,NBA,21.79,32,15,0.22,12.3700,5.5300,14.1100,
$500 NBA Daily 8/14,2020-08-14T23:10:54.207132,estk_3caf7d1e2815d858f101f1906b677e1c,evt_3caf7d1e2815d858,JaMychal Green,NBA,22.79,28.03,10.25,0.22,10.1200,4.0700,11.7200,9.0600
$500 NBA Daily 8/14,2020-08-14T23:10:54.207144,estk_3caf7d1e2815d85885e7a39b281a7530,evt_3caf7d1e2815d858,Ivica Zubac,NBA,25.69,24.04,4,0.22,7.8400,6.9700,9.5100,9.0100
$500 NBA Daily 8/14,2020-08-14T23:10:54.207148,estk_3caf7d1e2815d858ce8e428feaa184fb,evt_3caf7d1e2815d858,Dennis Schroder,NBA,21.19,24.03,7.5,0.22,7.8400,3.5200,9.5000,6.7000
$500 NBA Daily 8/14,2020-08-14T23:10:54.207152,estk_3caf7d1e2815d858e9aea717e9a5e7f3,evt_3caf7d1e2815d858,Reggie Jackson,NBA,26.3,22.76,2.25,0.22,7.4300,5.8000,9.0600,8.5600
$500 NBA Daily 8/14,2020-08-14T23:10:54.207163,estk_3caf7d1e2815d8584d546eba965e40a0,evt_3caf7d1e2815d858,Steven Adams,NBA,23.31,21.68,3.5,0.22,6.6600,6.0600,8.2700,7.7700
$500 NBA Daily 8/14,2020-08-14T23:10:54.207174,estk_3caf7d1e2815d8586e1b2c66fb087a89,evt_3caf7d1e2815d858,Danilo Gallinari,NBA,20.34,18.62,2.75,0.22,5.3000,5.0400,6.9200,4.0200
$500 NBA Daily 8/14,2020-08-14T23:10:54.207185,estk_3caf7d1e2815d85857693decb131a860,evt_3caf7d1e2815d858,Lou Williams,NBA,19.8,15.44,0,0.22,4.1300,4.9100,5.7000,3.0300
$500 NBA Daily 8/14,2020-08-14T23:10:54.207188,estk_3caf7d1e2815d858d5d16483f5148c0b,evt_3caf7d1e2815d858,Darius Bazley,NBA,18.42,15.62,1.25,0.22,4.1300,4.4500,5.6300,3.1500
$500 NBA Daily 8/14,2020-08-14T23:10:54.207196,estk_3caf7d1e2815d858d086e77c2f7fd9b3,evt_3caf7d1e2815d858,Hamidou Diallo,NBA,18.39,14.34,0,0.22,3.8300,4.4500,5.6600,2.7300
$500 NBA Daily 8/14,2020-08-14T23:10:54.207201,estk_3caf7d1e2815d8580b5bea604e9b515d,evt_3caf7d1e2815d858,Nerlens Noel,NBA,18.49,13.92,-0.5,0.22,3.6700,4.4800,5.6500,2.5000
$500 NBA Daily 8/14,2020-08-14T23:10:54.207212,estk_3caf7d1e2815d858bb115bd4f54ff319,evt_3caf7d1e2815d858,Kawhi Leonard,NBA,11.63,9.07,0,0.22,2.4200,11.8000,4.2500,1.6000
$500 NBA Daily 8/14,2020-08-14T23:10:54.207216,estk_3caf7d1e2815d858f59563a6406f63f4,evt_3caf7d1e2815d858,Paul George,NBA,10.67,8.32,0,0.22,2.2600,10.9700,4.0000,1.4200
$500 NBA Daily 8/14,2020-08-14T23:10:54.207219,estk_3caf7d1e2815d8586e82fa5f30bdfa80,evt_3caf7d1e2815d858,Marcus Morris,NBA,7.1,5.54,0,0.22,1.8400,5.6000,3.8300,
$500 NBA Daily 8/14,2020-08-14T23:10:54.207223,estk_3caf7d1e2815d85886ea8af848cca3f6,evt_3caf7d1e2815d858,Chris Paul,NBA,0,0,0,0.22,1.0000,2.9700,2.5200,2.0200
$500 NBA Daily 8/14,2020-08-14T23:10:54.207227,estk_3caf7d1e2815d858b402a1af1291a618,evt_3caf7d1e2815d858,Patrick Beverley,NBA,0,0,0,0.22,1.0000,1.5000,2.5200,2.0200
$500 NBA Daily 8/14,2020-08-14T23:10:54.207231,estk_3caf7d1e2815d85885078b5202b93fb5,evt_3caf7d1e2815d858,Luguentz Dort,NBA,0,0,0,0.22,1.0000,1.4600,2.5200,
$500 NBA Daily 8/14,2020-08-14T23:10:54.207243,estk_3caf7d1e2815d858af1a06f413850d3c,evt_3caf7d1e2815d858,Montrezl Harrell,NBA,0,0,0,0.22,1.0000,1.6900,2.5200,
$500 NBA Daily 8/14,2020-08-14T23:11:54.731132,estk_3caf7d1e2815d85833aee19dae855240,evt_3caf7d1e2815d858,Shai Gilgeous-Alexander,NBA,21.79,31.78,15,0.23,12.3600,5.5300,14.1100,10.6200
$500 NBA Daily 8/14,2020-08-14T23:11:54.731139,estk_3caf7d1e2815d858f101f1906b677e1c,evt_3caf7d1e2815d858,JaMychal Green,NBA,22.79,27.8,10.25,0.23,10.0000,4.0700,11.7200,9.0200
$500 NBA Daily 8/14,2020-08-14T23:11:54.731152,estk_3caf7d1e2815d858ce8e428feaa184fb,evt_3caf7d1e2815d858,Dennis Schroder,NBA,21.19,23.82,7.5,0.23,7.7500,3.5200,9.5000,6.7000
$500 NBA Daily 8/14,2020-08-14T23:11:54.731156,estk_3caf7d1e2815d85885e7a39b281a7530,evt_3caf7d1e2815d858,Ivica Zubac,NBA,25.69,23.78,4,0.23,7.7000,6.9700,9.5100,6.6700
$500 NBA Daily 8/14,2020-08-14T23:11:54.731164,estk_3caf7d1e2815d858e9aea717e9a5e7f3,evt_3caf7d1e2815d858,Reggie Jackson,NBA,26.3,22.5,2.25,0.23,7.0900,5.8000,9.0600,6.4500
$500 NBA Daily 8/14,2020-08-14T23:11:54.731171,estk_3caf7d1e2815d8584d546eba965e40a0,evt_3caf7d1e2815d858,Steven Adams,NBA,23.31,21.45,3.5,0.23,6.6100,6.0600,8.2700,5.7100
$500 NBA Daily 8/14,2020-08-14T23:11:54.731183,estk_3caf7d1e2815d8586e1b2c66fb087a89,evt_3caf7d1e2815d858,Danilo Gallinari,NBA,20.34,18.41,2.75,0.23,5.2900,5.0400,6.9200,4.0200
$500 NBA Daily 8/14,2020-08-14T23:11:54.731194,estk_3caf7d1e2815d858d5d16483f5148c0b,evt_3caf7d1e2815d858,Darius Bazley,NBA,18.42,16.68,2.5,0.23,4.1500,4.4500,5.6300,3.1500
$500 NBA Daily 8/14,2020-08-14T23:11:54.731200,estk_3caf7d1e2815d85857693decb131a860,evt_3caf7d1e2815d858,Lou Williams,NBA,19.8,15.25,0,0.23,4.1000,4.9100,5.7000,3.0300
$500 NBA Daily 8/14,2020-08-14T23:11:54.731208,estk_3caf7d1e2815d858d086e77c2f7fd9b3,evt_3caf7d1e2815d858,Hamidou Diallo,NBA,18.39,14.16,0,0.23,3.7300,4.4500,5.6600,2.7300
$500 NBA Daily 8/14,2020-08-14T23:11:54.731216,estk_3caf7d1e2815d8580b5bea604e9b515d,evt_3caf7d1e2815d858,Nerlens Noel,NBA,18.49,14.74,0.5,0.23,3.5700,4.4800,5.1400,2.5000
$500 NBA Daily 8/14,2020-08-14T23:11:54.731223,estk_3caf7d1e2815d858bb115bd4f54ff319,evt_3caf7d1e2815d858,Kawhi Leonard,NBA,11.63,8.96,0,0.23,2.4200,11.8000,4.2500,1.6000
$500 NBA Daily 8/14,2020-08-14T23:11:54.731227,estk_3caf7d1e2815d858f59563a6406f63f4,evt_3caf7d1e2815d858,Paul George,NBA,10.67,8.22,0,0.23,2.2800,10.9700,4.0000,1.4200
$500 NBA Daily 8/14,2020-08-14T23:11:54.731231,estk_3caf7d1e2815d8586e82fa5f30bdfa80,evt_3caf7d1e2815d858,Marcus Morris,NBA,7.1,5.47,0,0.23,1.8500,5.6000,3.8300,
$500 NBA Daily 8/14,2020-08-14T23:11:54.731235,estk_3caf7d1e2815d85886ea8af848cca3f6,evt_3caf7d1e2815d858,Chris Paul,NBA,0,0,0,0.23,1.0000,2.9700,2.5200,
$500 NBA Daily 8/14,2020-08-14T23:11:54.731239,estk_3caf7d1e2815d858b402a1af1291a618,evt_3caf7d1e2815d858,Patrick Beverley,NBA,0,0,0,0.23,1.0000,1.5000,2.5200,
$500 NBA Daily 8/14,2020-08-14T23:11:54.731243,estk_3caf7d1e2815d85885078b5202b93fb5,evt_3caf7d1e2815d858,Luguentz Dort,NBA,0,0,0,0.23,1.0000,1.4600,2.5200,
$500 NBA Daily 8/14,2020-08-14T23:11:54.731253,estk_3caf7d1e2815d858af1a06f413850d3c,evt_3caf7d1e2815d858,Montrezl Harrell,NBA,0,0,0,0.23,1.0000,1.6900,2.5200,
$500 NBA Daily 8/14,2020-08-14T23:13:56.059140,estk_3caf7d1e2815d85833aee19dae855240,evt_3caf7d1e2815d858,Shai Gilgeous-Alexander,NBA,21.79,31.34,15,0.25,12.2000,5.5300,14.1100,10.6200
$500 NBA Daily 8/14,2020-08-14T23:13:56.059147,estk_3caf7d1e2815d858f101f1906b677e1c,evt_3caf7d1e2815d858,JaMychal Green,NBA,22.79,27.34,10.25,0.25,9.7900,4.0700,11.7200,8.3200
$500 NBA Daily 8/14,2020-08-14T23:13:56.059159,estk_3caf7d1e2815d858e9aea717e9a5e7f3,evt_3caf7d1e2815d858,Reggie Jackson,NBA,26.3,27.48,7.75,0.25,7.9800,5.8000,9.6400,5.7800
$500 NBA Daily 8/14,2020-08-14T23:13:56.059163,estk_3caf7d1e2815d858ce8e428feaa184fb,evt_3caf7d1e2815d858,Dennis Schroder,NBA,21.19,22.89,7,0.25,7.6200,3.5200,9.5000,6.7000
$500 NBA Daily 8/14,2020-08-14T23:13:56.059171,estk_3caf7d1e2815d85885e7a39b281a7530,evt_3caf7d1e2815d858,Ivica Zubac,NBA,25.69,23.27,4,0.25,7.5700,6.9700,9.5100,6.6600
$500 NBA Daily 8/14,2020-08-14T23:13:56.059179,estk_3caf7d1e2815d8584d546eba965e40a0,evt_3caf7d1e2815d858,Steven Adams,NBA,23.31,20.98,3.5,0.25,6.4300,6.0600,8.2700,5.5300
$500 NBA Daily 8/14,2020-08-14T23:13:56.059194,estk_3caf7d1e2815d8586e1b2c66fb087a89,evt_3caf7d1e2815d858,Danilo Gallinari,NBA,20.34,18,2.75,0.25,5.0700,5.0400,6.9200,4.0200
$500 NBA Daily 8/14,2020-08-14T23:13:56.059201,estk_3caf7d1e2815d858d5d16483f5148c0b,evt_3caf7d1e2815d858,Darius Bazley,NBA,18.42,16.32,2.5,0.25,4.4700,4.4500,5.6300,3.1500
$500 NBA Daily 8/14,2020-08-14T23:13:56.059205,estk_3caf7d1e2815d85857693decb131a860,evt_3caf7d1e2815d858,Lou Williams,NBA,19.8,14.85,0,0.25,4.0100,4.9100,5.6100,3.0300
$500 NBA Daily 8/14,2020-08-14T23:13:56.059213,estk_3caf7d1e2815d8580b5bea604e9b515d,evt_3caf7d1e2815d858,Nerlens Noel,NBA,18.49,14.37,0.5,0.25,3.8700,4.4800,5.1400,2.5000
$500 NBA Daily 8/14,2020-08-14T23:13:56.059217,estk_3caf7d1e2815d858d086e77c2f7fd9b3,evt_3caf7d1e2815d858,Hamidou Diallo,NBA,18.39,13.79,0,0.25,3.6400,4.4500,5.2100,2.7300
$500 NBA Daily 8/14,2020-08-14T23:13:56.059228,estk_3caf7d1e2815d858bb115bd4f54ff319,evt_3caf7d1e2815d858,Kawhi Leonard,NBA,11.63,8.72,0,0.25,2.3300,11.8000,4.2500,1.5200
$500 NBA Daily 8/14,2020-08-14T23:13:56.059232,estk_3caf7d1e2815d858f59563a6406f63f4,evt_3caf7d1e2815d858,Paul George,NBA,10.67,8,0,0.25,2.2200,10.9700,4.0000,1.4200
$500 NBA Daily 8/14,2020-08-14T23:13:56.059236,estk_3caf7d1e2815d8586e82fa5f30bdfa80,evt_3caf7d1e2815d858,Marcus Morris,NBA,7.1,5.32,0,0.25,1.7800,5.6000,3.3200,
$500 NBA Daily 8/14,2020-08-14T23:13:56.059240,estk_3caf7d1e2815d85886ea8af848cca3f6,evt_3caf7d1e2815d858,Chris Paul,NBA,0,0,0,0.25,1.0000,2.9700,2.5200,
$500 NBA Daily 8/14,2020-08-14T23:13:56.059243,estk_3caf7d1e2815d858b402a1af1291a618,evt_3caf7d1e2815d858,Patrick Beverley,NBA,0,0,0,0.25,1.0000,1.5000,2.5200,
$500 NBA Daily 8/14,2020-08-14T23:13:56.059247,estk_3caf7d1e2815d85885078b5202b93fb5,evt_3caf7d1e2815d858,Luguentz Dort,NBA,0,0,0,0.25,1.0000,1.4600,2.5200,
$500 NBA Daily 8/14,2020-08-14T23:13:56.059258,estk_3caf7d1e2815d858af1a06f413850d3c,evt_3caf7d1e2815d858,Montrezl Harrell,NBA,0,0,0,0.25,1.0000,1.6900,2.5200,
$500 NBA Daily 8/14,2020-08-14T23:17:58.567269,estk_3caf7d1e2815d85833aee19dae855240,evt_3caf7d1e2815d858,Shai Gilgeous-Alexander,NBA,21.79,33.12,17,0.26,12.0500,5.5300,14.1100,10.6200
$500 NBA Daily 8/14,2020-08-14T23:17:58.567275,estk_3caf7d1e2815d858e9aea717e9a5e7f3,evt_3caf7d1e2815d858,Reggie Jackson,NBA,26.3,27.21,7.75,0.26,9.6300,5.8000,11.3000,7.9400
$500 NBA Daily 8/14,2020-08-14T23:17:58.567280,estk_3caf7d1e2815d858f101f1906b677e1c,evt_3caf7d1e2815d858,JaMychal Green,NBA,22.79,27.11,10.25,0.26,9.5500,4.0700,11.7200,8.3200
$500 NBA Daily 8/14,2020-08-14T23:17:58.567295,estk_3caf7d1e2815d85885e7a39b281a7530,evt_3caf7d1e2815d858,Ivica Zubac,NBA,25.69,23.01,4,0.26,7.4300,6.9700,9.0000,6.1900
$500 NBA Daily 8/14,2020-08-14T23:17:58.567299,estk_3caf7d1e2815d858ce8e428feaa184fb,evt_3caf7d1e2815d858,Dennis Schroder,NBA,21.19,22.68,7,0.26,7.1900,3.5200,8.7900,6.1800
$500 NBA Daily 8/14,2020-08-14T23:17:58.567307,estk_3caf7d1e2815d8584d546eba965e40a0,evt_3caf7d1e2815d858,Steven Adams,NBA,23.31,20.75,3.5,0.26,6.2400,6.0600,8.2700,5.3600
$500 NBA Daily 8/14,2020-08-14T23:17:58.567325,estk_3caf7d1e2815d8586e1b2c66fb087a89,evt_3caf7d1e2815d858,Danilo Gallinari,NBA,20.34,17.8,2.75,0.26,4.9300,5.0400,6.5000,4.0200
$500 NBA Daily 8/14,2020-08-14T23:17:58.567329,estk_3caf7d1e2815d858d5d16483f5148c0b,evt_3caf7d1e2815d858,Darius Bazley,NBA,18.42,16.13,2.5,0.26,4.3100,4.4500,5.6300,3.1500
$500 NBA Daily 8/14,2020-08-14T23:17:58.567336,estk_3caf7d1e2815d85857693decb131a860,evt_3caf7d1e2815d858,Lou Williams,NBA,19.8,14.65,0,0.26,3.8500,4.9100,5.6100,2.9200
$500 NBA Daily 8/14,2020-08-14T23:17:58.567341,estk_3caf7d1e2815d8580b5bea604e9b515d,evt_3caf7d1e2815d858,Nerlens Noel,NBA,18.49,14.18,0.5,0.26,3.6700,4.4800,5.1400,2.5000
$500 NBA Daily 8/14,2020-08-14T23:17:58.567348,estk_3caf7d1e2815d858d086e77c2f7fd9b3,evt_3caf7d1e2815d858,Hamidou Diallo,NBA,18.39,13.61,0,0.26,3.5100,4.4500,5.1000,2.6400
$500 NBA Daily 8/14,2020-08-14T23:17:58.567355,estk_3caf7d1e2815d858bb115bd4f54ff319,evt_3caf7d1e2815d858,Kawhi Leonard,NBA,11.63,8.61,0,0.26,2.2900,11.8000,4.2500,1.4800
$500 NBA Daily 8/14,2020-08-14T23:17:58.567359,estk_3caf7d1e2815d858f59563a6406f63f4,evt_3caf7d1e2815d858,Paul George,NBA,10.67,7.9,0,0.26,2.1600,10.9700,4.0000,1.3500
$500 NBA Daily 8/14,2020-08-14T23:17:58.567363,estk_3caf7d1e2815d8586e82fa5f30bdfa80,evt_3caf7d1e2815d858,Marcus Morris,NBA,7.1,5.25,0,0.26,1.7700,5.6000,3.3200,
$500 NBA Daily 8/14,2020-08-14T23:17:58.567367,estk_3caf7d1e2815d85886ea8af848cca3f6,evt_3caf7d1e2815d858,Chris Paul,NBA,0,0,0,0.26,1.0000,2.9700,2.5200,
$500 NBA Daily 8/14,2020-08-14T23:17:58.567371,estk_3caf7d1e2815d858b402a1af1291a618,evt_3caf7d1e2815d858,Patrick Beverley,NBA,0,0,0,0.26,1.0000,1.5000,2.5200,
$500 NBA Daily 8/14,2020-08-14T23:17:58.567374,estk_3caf7d1e2815d85885078b5202b93fb5,evt_3caf7d1e2815d858,Luguentz Dort,NBA,0,0,0,0.26,1.0000,1.4600,2.5200,
$500 NBA Daily 8/14,2020-08-14T23:17:58.567385,estk_3caf7d1e2815d858af1a06f413850d3c,evt_3caf7d1e2815d858,Montrezl Harrell,NBA,0,0,0,0.26,1.0000,1.6900,2.5200,
$500 NBA Daily 8/14,2020-08-14T23:19:59.906507,estk_3caf7d1e2815d85833aee19dae855240,evt_3caf7d1e2815d858,Shai Gilgeous-Alexander,NBA,21.79,32.69,17,0.28,13.1600,5.5300,14.7800,11.2600
$500 NBA Daily 8/14,2020-08-14T23:19:59.906513,estk_3caf7d1e2815d858e9aea717e9a5e7f3,evt_3caf7d1e2815d858,Reggie Jackson,NBA,26.3,26.69,7.75,0.28,9.4800,5.8000,11.3000,7.9400
$500 NBA Daily 8/14,2020-08-14T23:19:59.906517,estk_3caf7d1e2815d858f101f1906b677e1c,evt_3caf7d1e2815d858,JaMychal Green,NBA,22.79,26.66,10.25,0.28,9.4700,4.0700,11.1600,8.3200
$500 NBA Daily 8/14,2020-08-14T23:19:59.906533,estk_3caf7d1e2815d85885e7a39b281a7530,evt_3caf7d1e2815d858,Ivica Zubac,NBA,25.69,22.5,4,0.28,7.1500,6.9700,9.0000,6.1900
$500 NBA Daily 8/14,2020-08-14T23:19:59.906536,estk_3caf7d1e2815d858ce8e428feaa184fb,evt_3caf7d1e2815d858,Dennis Schroder,NBA,21.19,22.26,7,0.28,7.1500,3.5200,8.7900,6.1800
$500 NBA Daily 8/14,2020-08-14T23:19:59.906544,estk_3caf7d1e2815d8584d546eba965e40a0,evt_3caf7d1e2815d858,Steven Adams,NBA,23.31,20.28,3.5,0.28,6.1000,6.0600,7.7200,5.0100
$500 NBA Daily 8/14,2020-08-14T23:19:59.906562,estk_3caf7d1e2815d8586e1b2c66fb087a89,evt_3caf7d1e2815d858,Danilo Gallinari,NBA,20.34,17.39,2.75,0.28,4.9300,5.0400,6.5000,3.9300
$500 NBA Daily 8/14,2020-08-14T23:19:59.906566,estk_3caf7d1e2815d858d5d16483f5148c0b,evt_3caf7d1e2815d858,Darius Bazley,NBA,18.42,19.26,6,0.28,4.2900,4.4500,5.6300,3.1500
$500 NBA Daily 8/14,2020-08-14T23:19:59.906574,estk_3caf7d1e2815d85857693decb131a860,evt_3caf7d1e2815d858,Lou Williams,NBA,19.8,14.26,0,0.28,3.8200,4.9100,5.6100,2.8000
$500 NBA Daily 8/14,2020-08-14T23:19:59.906578,estk_3caf7d1e2815d8580b5bea604e9b515d,evt_3caf7d1e2815d858,Nerlens Noel,NBA,18.49,13.81,0.5,0.28,3.6200,4.4800,5.1400,2.5000
$500 NBA Daily 8/14,2020-08-14T23:19:59.906586,estk_3caf7d1e2815d858d086e77c2f7fd9b3,evt_3caf7d1e2815d858,Hamidou Diallo,NBA,18.39,13.24,0,0.28,3.4900,4.4500,5.1000,2.6400
$500 NBA Daily 8/14,2020-08-14T23:19:59.906593,estk_3caf7d1e2815d858bb115bd4f54ff319,evt_3caf7d1e2815d858,Kawhi Leonard,NBA,11.63,8.37,0,0.28,2.3100,11.8000,4.2500,1.4800
$500 NBA Daily 8/14,2020-08-14T23:19:59.906597,estk_3caf7d1e2815d858f59563a6406f63f4,evt_3caf7d1e2815d858,Paul George,NBA,10.67,7.68,0,0.28,2.1500,10.9700,4.0000,1.3500
$500 NBA Daily 8/14,2020-08-14T23:19:59.906600,estk_3caf7d1e2815d8586e82fa5f30bdfa80,evt_3caf7d1e2815d858,Marcus Morris,NBA,7.1,5.11,0,0.28,1.7600,5.6000,3.3200,
$500 NBA Daily 8/14,2020-08-14T23:19:59.906604,estk_3caf7d1e2815d85886ea8af848cca3f6,evt_3caf7d1e2815d858,Chris Paul,NBA,0,0,0,0.28,1.0000,2.9700,2.5200,
$500 NBA Daily 8/14,2020-08-14T23:19:59.906608,estk_3caf7d1e2815d858b402a1af1291a618,evt_3caf7d1e2815d858,Patrick Beverley,NBA,0,0,0,0.28,1.0000,1.5000,2.5200,
$500 NBA Daily 8/14,2020-08-14T23:19:59.906612,estk_3caf7d1e2815d85885078b5202b93fb5,evt_3caf7d1e2815d858,Luguentz Dort,NBA,0,0,0,0.28,1.0000,1.4600,2.5200,
$500 NBA Daily 8/14,2020-08-14T23:19:59.906623,estk_3caf7d1e2815d858af1a06f413850d3c,evt_3caf7d1e2815d858,Montrezl Harrell,NBA,0,0,0,0.28,1.0000,1.6900,2.5200,
$500 NBA Daily 8/14,2020-08-14T23:25:03.541627,estk_3caf7d1e2815d85833aee19dae855240,evt_3caf7d1e2815d858,Shai Gilgeous-Alexander,NBA,21.79,31.54,16.5,0.31,13.0200,5.5300,14.7800,11.2600
$500 NBA Daily 8/14,2020-08-14T23:25:03.541638,estk_3caf7d1e2815d858e9aea717e9a5e7f3,evt_3caf7d1e2815d858,Reggie Jackson,NBA,26.3,24.9,6.75,0.31,9.3000,5.8000,11.3000,7.9400
$500 NBA Daily 8/14,2020-08-14T23:25:03.541642,estk_3caf7d1e2815d858f101f1906b677e1c,evt_3caf7d1e2815d858,JaMychal Green,NBA,22.79,25.98,10.25,0.31,9.2800,4.0700,11.1600,8.2000
$500 NBA Daily 8/14,2020-08-14T23:25:03.541654,estk_3caf7d1e2815d85885e7a39b281a7530,evt_3caf7d1e2815d858,Ivica Zubac,NBA,25.69,21.73,4,0.31,7.0100,6.9700,9.0000,6.0500
$500 NBA Daily 8/14,2020-08-14T23:25:03.541658,estk_3caf7d1e2815d858ce8e428feaa184fb,evt_3caf7d1e2815d858,Dennis Schroder,NBA,21.19,21.62,7,0.31,6.9200,3.5200,8.7900,5.5500
$500 NBA Daily 8/14,2020-08-14T23:25:03.541666,estk_3caf7d1e2815d8584d546eba965e40a0,evt_3caf7d1e2815d858,Steven Adams,NBA,23.31,19.58,3.5,0.31,5.9300,6.0600,7.7200,4.9800
$500 NBA Daily 8/14,2020-08-14T23:25:03.541678,estk_3caf7d1e2815d858d5d16483f5148c0b,evt_3caf7d1e2815d858,Darius Bazley,NBA,18.42,19.46,6.75,0.31,5.5000,4.4500,7.1200,3.9200
$500 NBA Daily 8/14,2020-08-14T23:25:03.541689,estk_3caf7d1e2815d8586e1b2c66fb087a89,evt_3caf7d1e2815d858,Danilo Gallinari,NBA,20.34,16.78,2.75,0.31,4.7200,5.0400,6.2700,3.7600
$500 NBA Daily 8/14,2020-08-14T23:25:03.541696,estk_3caf7d1e2815d85857693decb131a860,evt_3caf7d1e2815d858,Lou Williams,NBA,19.8,13.66,0,0.31,3.6800,4.9100,5.1600,2.8000
$500 NBA Daily 8/14,2020-08-14T23:25:03.541708,estk_3caf7d1e2815d8580b5bea604e9b515d,evt_3caf7d1e2815d858,Nerlens Noel,NBA,18.49,15.26,2.5,0.31,3.5000,4.4800,5.1400,2.5000
$500 NBA Daily 8/14,2020-08-14T23:25:03.541711,estk_3caf7d1e2815d858d086e77c2f7fd9b3,evt_3caf7d1e2815d858,Hamidou Diallo,NBA,18.39,14.19,1.5,0.31,3.4000,4.4500,5.1000,2.5100
$500 NBA Daily 8/14,2020-08-14T23:25:03.541715,estk_3caf7d1e2815d858bb115bd4f54ff319,evt_3caf7d1e2815d858,Kawhi Leonard,NBA,11.63,8.02,0,0.31,2.2100,11.8000,3.7200,1.3300
$500 NBA Daily 8/14,2020-08-14T23:25:03.541719,estk_3caf7d1e2815d858f59563a6406f63f4,evt_3caf7d1e2815d858,Paul George,NBA,10.67,7.36,0,0.31,2.0700,10.9700,4.0000,1.1700
$500 NBA Daily 8/14,2020-08-14T23:25:03.541723,estk_3caf7d1e2815d8586e82fa5f30bdfa80,evt_3caf7d1e2815d858,Marcus Morris,NBA,7.1,4.9,0,0.31,1.7200,5.6000,3.3200,
$500 NBA Daily 8/14,2020-08-14T23:25:03.541727,estk_3caf7d1e2815d85886ea8af848cca3f6,evt_3caf7d1e2815d858,Chris Paul,NBA,0,0,0,0.31,1.0000,2.9700,2.5200,
$500 NBA Daily 8/14,2020-08-14T23:25:03.541731,estk_3caf7d1e2815d858b402a1af1291a618,evt_3caf7d1e2815d858,Patrick Beverley,NBA,0,0,0,0.31,1.0000,1.5000,2.5200,
$500 NBA Daily 8/14,2020-08-14T23:25:03.541735,estk_3caf7d1e2815d85885078b5202b93fb5,evt_3caf7d1e2815d858,Luguentz Dort,NBA,0,0,0,0.31,1.0000,1.4600,2.5200,
$500 NBA Daily 8/14,2020-08-14T23:25:03.541747,estk_3caf7d1e2815d858af1a06f413850d3c,evt_3caf7d1e2815d858,Montrezl Harrell,NBA,0,0,0,0.31,1.0000,1.6900,2.5200,
$500 NBA Daily 8/14,2020-08-14T23:27:04.843551,estk_3caf7d1e2815d85833aee19dae855240,evt_3caf7d1e2815d858,Shai Gilgeous-Alexander,NBA,21.79,31.32,16.5,0.32,12.4600,5.5300,14.1600,11.2600
$500 NBA Daily 8/14,2020-08-14T23:27:04.843562,estk_3caf7d1e2815d858f101f1906b677e1c,evt_3caf7d1e2815d858,JaMychal Green,NBA,22.79,25.75,10.25,0.32,8.9000,4.0700,11.1600,8.0900
$500 NBA Daily 8/14,2020-08-14T23:27:04.843570,estk_3caf7d1e2815d858e9aea717e9a5e7f3,evt_3caf7d1e2815d858,Reggie Jackson,NBA,26.3,24.63,6.75,0.32,8.3500,5.8000,10.1300,7.5200
$500 NBA Daily 8/14,2020-08-14T23:27:04.843581,estk_3caf7d1e2815d85885e7a39b281a7530,evt_3caf7d1e2815d858,Ivica Zubac,NBA,25.69,21.47,4,0.32,6.6400,6.9700,8.3600,5.7700
$500 NBA Daily 8/14,2020-08-14T23:27:04.843585,estk_3caf7d1e2815d858ce8e428feaa184fb,evt_3caf7d1e2815d858,Dennis Schroder,NBA,21.19,21.41,7,0.32,6.6100,3.5200,8.2600,5.5500
$500 NBA Daily 8/14,2020-08-14T23:27:04.843597,estk_3caf7d1e2815d8584d546eba965e40a0,evt_3caf7d1e2815d858,Steven Adams,NBA,23.31,19.35,3.5,0.32,5.6100,6.0600,7.7200,4.8000
$500 NBA Daily 8/14,2020-08-14T23:27:04.843601,estk_3caf7d1e2815d858d5d16483f5148c0b,evt_3caf7d1e2815d858,Darius Bazley,NBA,18.42,19.28,6.75,0.32,5.5600,4.4500,7.1200,4.1200
$500 NBA Daily 8/14,2020-08-14T23:27:04.843613,estk_3caf7d1e2815d8586e1b2c66fb087a89,evt_3caf7d1e2815d858,Danilo Gallinari,NBA,20.34,16.58,2.75,0.32,4.4800,5.0400,6.2700,3.7000
$500 NBA Daily 8/14,2020-08-14T23:27:04.843620,estk_3caf7d1e2815d858d086e77c2f7fd9b3,evt_3caf7d1e2815d858,Hamidou Diallo,NBA,18.39,15.26,2.75,0.32,4.0400,4.4500,5.1000,2.5100
$500 NBA Daily 8/14,2020-08-14T23:27:04.843625,estk_3caf7d1e2815d8580b5bea604e9b515d,evt_3caf7d1e2815d858,Nerlens Noel,NBA,18.49,15.07,2.5,0.32,3.9700,4.4800,5.1400,2.5000
$500 NBA Daily 8/14,2020-08-14T23:27:04.843636,estk_3caf7d1e2815d85857693decb131a860,evt_3caf7d1e2815d858,Lou Williams,NBA,19.8,13.46,0,0.32,3.4100,4.9100,5.0400,2.5400
$500 NBA Daily 8/14,2020-08-14T23:27:04.843640,estk_3caf7d1e2815d858bb115bd4f54ff319,evt_3caf7d1e2815d858,Kawhi Leonard,NBA,11.63,7.91,0,0.32,2.0900,11.8000,3.7200,1.2800
$500 NBA Daily 8/14,2020-08-14T23:27:04.843643,estk_3caf7d1e2815d858f59563a6406f63f4,evt_3caf7d1e2815d858,Paul George,NBA,10.67,7.26,0,0.32,2.0000,10.9700,4.0000,1.1700
$500 NBA Daily 8/14,2020-08-14T23:27:04.843647,estk_3caf7d1e2815d8586e82fa5f30bdfa80,evt_3caf7d1e2815d858,Marcus Morris,NBA,7.1,4.83,0,0.32,1.6400,5.6000,3.3200,
$500 NBA Daily 8/14,2020-08-14T23:27:04.843652,estk_3caf7d1e2815d85886ea8af848cca3f6,evt_3caf7d1e2815d858,Chris Paul,NBA,0,0,0,0.32,1.0000,2.9700,2.5200,
$500 NBA Daily 8/14,2020-08-14T23:27:04.843656,estk_3caf7d1e2815d858b402a1af1291a618,evt_3caf7d1e2815d858,Patrick Beverley,NBA,0,0,0,0.32,1.0000,1.5000,2.5200,
$500 NBA Daily 8/14,2020-08-14T23:27:04.843660,estk_3caf7d1e2815d85885078b5202b93fb5,evt_3caf7d1e2815d858,Luguentz Dort,NBA,0,0,0,0.32,1.0000,1.4600,2.5200,
$500 NBA Daily 8/14,2020-08-14T23:27:04.843671,estk_3caf7d1e2815d858af1a06f413850d3c,evt_3caf7d1e2815d858,Montrezl Harrell,NBA,0,0,0,0.32,1.0000,1.6900,2.5200,
$500 NBA Daily 8/14,2020-08-14T23:29:06.205089,estk_3caf7d1e2815d85833aee19dae855240,evt_3caf7d1e2815d858,Shai Gilgeous-Alexander,NBA,21.79,31.1,16.5,0.33,12.4600,5.5300,14.1600,11.2600
$500 NBA Daily 8/14,2020-08-14T23:29:06.205099,estk_3caf7d1e2815d858f101f1906b677e1c,evt_3caf7d1e2815d858,JaMychal Green,NBA,22.79,25.02,9.75,0.33,8.6200,4.0700,10.5800,7.8900
$500 NBA Daily 8/14,2020-08-14T23:29:06.205107,estk_3caf7d1e2815d858e9aea717e9a5e7f3,evt_3caf7d1e2815d858,Reggie Jackson,NBA,26.3,24.37,6.75,0.33,8.2600,5.8000,10.1300,6.6800
$500 NBA Daily 8/14,2020-08-14T23:29:06.205119,estk_3caf7d1e2815d85885e7a39b281a7530,evt_3caf7d1e2815d858,Ivica Zubac,NBA,25.69,21.21,4,0.33,6.6100,6.9700,8.2700,5.7000
$500 NBA Daily 8/14,2020-08-14T23:29:06.205123,estk_3caf7d1e2815d858ce8e428feaa184fb,evt_3caf7d1e2815d858,Dennis Schroder,NBA,21.19,20.7,6.5,0.33,6.3900,3.5200,8.2400,5.5500
$500 NBA Daily 8/14,2020-08-14T23:29:06.205131,estk_3caf7d1e2815d858d5d16483f5148c0b,evt_3caf7d1e2815d858,Darius Bazley,NBA,18.42,19.84,7.5,0.33,5.9400,4.4500,7.1200,4.1200
$500 NBA Daily 8/14,2020-08-14T23:29:06.205139,estk_3caf7d1e2815d8584d546eba965e40a0,evt_3caf7d1e2815d858,Steven Adams,NBA,23.31,19.12,3.5,0.33,5.5800,6.0600,7.7200,4.6600
$500 NBA Daily 8/14,2020-08-14T23:29:06.205150,estk_3caf7d1e2815d8586e1b2c66fb087a89,evt_3caf7d1e2815d858,Danilo Gallinari,NBA,20.34,16.38,2.75,0.33,4.4300,5.0400,6.2700,3.5900
$500 NBA Daily 8/14,2020-08-14T23:29:06.205157,estk_3caf7d1e2815d858d086e77c2f7fd9b3,evt_3caf7d1e2815d858,Hamidou Diallo,NBA,18.39,15.07,2.75,0.33,3.9800,4.4500,5.2100,2.5100
$500 NBA Daily 8/14,2020-08-14T23:29:06.205161,estk_3caf7d1e2815d8580b5bea604e9b515d,evt_3caf7d1e2815d858,Nerlens Noel,NBA,18.49,14.89,2.5,0.33,3.8600,4.4800,5.1400,2.5000
$500 NBA Daily 8/14,2020-08-14T23:29:06.205172,estk_3caf7d1e2815d85857693decb131a860,evt_3caf7d1e2815d858,Lou Williams,NBA,19.8,13.27,0,0.33,3.3900,4.9100,5.0400,2.5400
$500 NBA Daily 8/14,2020-08-14T23:29:06.205176,estk_3caf7d1e2815d858bb115bd4f54ff319,evt_3caf7d1e2815d858,Kawhi Leonard,NBA,11.63,7.79,0,0.33,2.0800,11.8000,3.7200,1.2800
$500 NBA Daily 8/14,2020-08-14T23:29:06.205180,estk_3caf7d1e2815d858f59563a6406f63f4,evt_3caf7d1e2815d858,Paul George,NBA,10.67,7.15,0,0.33,2.0100,10.9700,3.5300,1.1700
$500 NBA Daily 8/14,2020-08-14T23:29:06.205183,estk_3caf7d1e2815d8586e82fa5f30bdfa80,evt_3caf7d1e2815d858,Marcus Morris,NBA,7.1,4.76,0,0.33,1.6300,5.6000,3.3200,
$500 NBA Daily 8/14,2020-08-14T23:29:06.205187,estk_3caf7d1e2815d85886ea8af848cca3f6,evt_3caf7d1e2815d858,Chris Paul,NBA,0,0,0,0.33,1.0000,2.9700,2.5200,
$500 NBA Daily 8/14,2020-08-14T23:29:06.205191,estk_3caf7d1e2815d858b402a1af1291a618,evt_3caf7d1e2815d858,Patrick Beverley,NBA,0,0,0,0.33,1.0000,1.5000,2.5200,
$500 NBA Daily 8/14,2020-08-14T23:29:06.205195,estk_3caf7d1e2815d85885078b5202b93fb5,evt_3caf7d1e2815d858,Luguentz Dort,NBA,0,0,0,0.33,1.0000,1.4600,2.5200,
$500 NBA Daily 8/14,2020-08-14T23:29:06.205206,estk_3caf7d1e2815d858af1a06f413850d3c,evt_3caf7d1e2815d858,Montrezl Harrell,NBA,0,0,0,0.33,1.0000,1.6900,2.5200,
$500 NBA Daily 8/14,2020-08-14T23:31:07.488527,estk_3caf7d1e2815d85833aee19dae855240,evt_3caf7d1e2815d858,Shai Gilgeous-Alexander,NBA,21.79,30.88,16.5,0.34,12.4600,5.5300,14.1600,11.2600
$500 NBA Daily 8/14,2020-08-14T23:31:07.488537,estk_3caf7d1e2815d858f101f1906b677e1c,evt_3caf7d1e2815d858,JaMychal Green,NBA,22.79,24.79,9.75,0.34,8.6200,4.0700,10.5800,7.6900
$500 NBA Daily 8/14,2020-08-14T23:31:07.488546,estk_3caf7d1e2815d858e9aea717e9a5e7f3,evt_3caf7d1e2815d858,Reggie Jackson,NBA,26.3,24.11,6.75,0.34,8.2600,5.8000,10.1300,6.6800
$500 NBA Daily 8/14,2020-08-14T23:31:07.488557,estk_3caf7d1e2815d85885e7a39b281a7530,evt_3caf7d1e2815d858,Ivica Zubac,NBA,25.69,20.96,4,0.34,6.6100,6.9700,8.2700,5.7000
$500 NBA Daily 8/14,2020-08-14T23:31:07.488561,estk_3caf7d1e2815d858ce8e428feaa184fb,evt_3caf7d1e2815d858,Dennis Schroder,NBA,21.19,22.49,8.5,0.34,6.3900,3.5200,8.2400,5.5100
$500 NBA Daily 8/14,2020-08-14T23:31:07.488570,estk_3caf7d1e2815d858d5d16483f5148c0b,evt_3caf7d1e2815d858,Darius Bazley,NBA,18.42,19.66,7.5,0.34,5.9400,4.4500,7.1200,4.3200
$500 NBA Daily 8/14,2020-08-14T23:31:07.488578,estk_3caf7d1e2815d8584d546eba965e40a0,evt_3caf7d1e2815d858,Steven Adams,NBA,23.31,18.88,3.5,0.34,5.5800,6.0600,7.1900,4.6600
$500 NBA Daily 8/14,2020-08-14T23:31:07.488589,estk_3caf7d1e2815d8586e1b2c66fb087a89,evt_3caf7d1e2815d858,Danilo Gallinari,NBA,20.34,16.17,2.75,0.34,4.4300,5.0400,6.2700,3.5900
$500 NBA Daily 8/14,2020-08-14T23:31:07.488597,estk_3caf7d1e2815d858d086e77c2f7fd9b3,evt_3caf7d1e2815d858,Hamidou Diallo,NBA,18.39,16.14,4,0.34,3.9800,4.4500,5.2100,2.5100
$500 NBA Daily 8/14,2020-08-14T23:31:07.488601,estk_3caf7d1e2815d8580b5bea604e9b515d,evt_3caf7d1e2815d858,Nerlens Noel,NBA,18.49,14.7,2.5,0.34,3.8600,4.4800,5.1400,2.5000
$500 NBA Daily 8/14,2020-08-14T23:31:07.488612,estk_3caf7d1e2815d85857693decb131a860,evt_3caf7d1e2815d858,Lou Williams,NBA,19.8,13.07,0,0.34,3.3900,4.9100,5.0400,2.5400
$500 NBA Daily 8/14,2020-08-14T23:31:07.488616,estk_3caf7d1e2815d858bb115bd4f54ff319,evt_3caf7d1e2815d858,Kawhi Leonard,NBA,11.63,7.68,0,0.34,2.0800,11.8000,3.7200,1.2800
$500 NBA Daily 8/14,2020-08-14T23:31:07.488673,estk_3caf7d1e2815d858f59563a6406f63f4,evt_3caf7d1e2815d858,Paul George,NBA,10.67,7.04,0,0.34,2.0100,10.9700,3.5300,1.1700
$500 NBA Daily 8/14,2020-08-14T23:31:07.488677,estk_3caf7d1e2815d8586e82fa5f30bdfa80,evt_3caf7d1e2815d858,Marcus Morris,NBA,7.1,4.69,0,0.34,1.6300,5.6000,3.3200,
$500 NBA Daily 8/14,2020-08-14T23:31:07.488685,estk_3caf7d1e2815d85886ea8af848cca3f6,evt_3caf7d1e2815d858,Chris Paul,NBA,0,0,0,0.34,1.0000,2.9700,2.5200,
$500 NBA Daily 8/14,2020-08-14T23:31:07.488689,estk_3caf7d1e2815d858b402a1af1291a618,evt_3caf7d1e2815d858,Patrick Beverley,NBA,0,0,0,0.34,1.0000,1.5000,2.5200,
$500 NBA Daily 8/14,2020-08-14T23:31:07.488693,estk_3caf7d1e2815d85885078b5202b93fb5,evt_3caf7d1e2815d858,Luguentz Dort,NBA,0,0,0,0.34,1.0000,1.4600,2.5200,
$500 NBA Daily 8/14,2020-08-14T23:31:07.488704,estk_3caf7d1e2815d858af1a06f413850d3c,evt_3caf7d1e2815d858,Montrezl Harrell,NBA,0,0,0,0.34,1.0000,1.6900,2.5200,
$500 NBA Daily 8/14,2020-08-14T23:32:08.197766,estk_3caf7d1e2815d85833aee19dae855240,evt_3caf7d1e2815d858,Shai Gilgeous-Alexander,NBA,21.79,30.66,16.5,0.35,12.3000,5.5300,14.1600,11.2600
$500 NBA Daily 8/14,2020-08-14T23:32:08.197776,estk_3caf7d1e2815d858f101f1906b677e1c,evt_3caf7d1e2815d858,JaMychal Green,NBA,22.79,24.56,9.75,0.35,8.4900,4.0700,10.5800,7.6000
$500 NBA Daily 8/14,2020-08-14T23:32:08.197784,estk_3caf7d1e2815d858e9aea717e9a5e7f3,evt_3caf7d1e2815d858,Reggie Jackson,NBA,26.3,23.85,6.75,0.35,8.0200,5.8000,10.1300,6.6800
$500 NBA Daily 8/14,2020-08-14T23:32:08.197792,estk_3caf7d1e2815d858ce8e428feaa184fb,evt_3caf7d1e2815d858,Dennis Schroder,NBA,21.19,21.77,8,0.35,7.2300,3.5200,8.8700,5.5900
$500 NBA Daily 8/14,2020-08-14T23:32:08.197800,estk_3caf7d1e2815d85885e7a39b281a7530,evt_3caf7d1e2815d858,Ivica Zubac,NBA,25.69,20.7,4,0.35,6.3800,6.9700,8.2700,5.4300
$500 NBA Daily 8/14,2020-08-14T23:32:08.197812,estk_3caf7d1e2815d858d5d16483f5148c0b,evt_3caf7d1e2815d858,Darius Bazley,NBA,18.42,19.47,7.5,0.35,5.7500,4.4500,7.1200,4.3200
$500 NBA Daily 8/14,2020-08-14T23:32:08.197819,estk_3caf7d1e2815d8584d546eba965e40a0,evt_3caf7d1e2815d858,Steven Adams,NBA,23.31,18.65,3.5,0.35,5.4000,6.0600,7.1900,4.4800
$500 NBA Daily 8/14,2020-08-14T23:32:08.197827,estk_3caf7d1e2815d8586e1b2c66fb087a89,evt_3caf7d1e2815d858,Danilo Gallinari,NBA,20.34,15.97,2.75,0.35,4.3700,5.0400,5.9600,3.4700
$500 NBA Daily 8/14,2020-08-14T23:32:08.197831,estk_3caf7d1e2815d858d086e77c2f7fd9b3,evt_3caf7d1e2815d858,Hamidou Diallo,NBA,18.39,15.95,4,0.35,4.2600,4.4500,5.6200,2.7700
$500 NBA Daily 8/14,2020-08-14T23:32:08.197839,estk_3caf7d1e2815d8580b5bea604e9b515d,evt_3caf7d1e2815d858,Nerlens Noel,NBA,18.49,14.52,2.5,0.35,3.8400,4.4800,5.1400,2.5000
$500 NBA Daily 8/14,2020-08-14T23:32:08.197850,estk_3caf7d1e2815d85857693decb131a860,evt_3caf7d1e2815d858,Lou Williams,NBA,19.8,12.87,0,0.35,3.2900,4.9100,5.0400,2.2600
$500 NBA Daily 8/14,2020-08-14T23:32:08.197853,estk_3caf7d1e2815d858bb115bd4f54ff319,evt_3caf7d1e2815d858,Kawhi Leonard,NBA,11.63,7.56,0,0.35,2.0500,11.8000,3.7200,1.2500
$500 NBA Daily 8/14,2020-08-14T23:32:08.197857,estk_3caf7d1e2815d858f59563a6406f63f4,evt_3caf7d1e2815d858,Paul George,NBA,10.67,6.94,0,0.35,1.9500,10.9700,3.4900,1.1200
$500 NBA Daily 8/14,2020-08-14T23:32:08.197861,estk_3caf7d1e2815d8586e82fa5f30bdfa80,evt_3caf7d1e2815d858,Marcus Morris,NBA,7.1,4.62,0,0.35,1.6100,5.6000,3.3200,
$500 NBA Daily 8/14,2020-08-14T23:32:08.197865,estk_3caf7d1e2815d85886ea8af848cca3f6,evt_3caf7d1e2815d858,Chris Paul,NBA,0,0,0,0.35,1.0000,2.9700,2.5200,
$500 NBA Daily 8/14,2020-08-14T23:32:08.197869,estk_3caf7d1e2815d858b402a1af1291a618,evt_3caf7d1e2815d858,Patrick Beverley,NBA,0,0,0,0.35,1.0000,1.5000,2.5200,
$500 NBA Daily 8/14,2020-08-14T23:32:08.197872,estk_3caf7d1e2815d85885078b5202b93fb5,evt_3caf7d1e2815d858,Luguentz Dort,NBA,0,0,0,0.35,1.0000,1.4600,2.5200,
$500 NBA Daily 8/14,2020-08-14T23:32:08.197883,estk_3caf7d1e2815d858af1a06f413850d3c,evt_3caf7d1e2815d858,Montrezl Harrell,NBA,0,0,0,0.35,1.0000,1.6900,2.5200,
$500 NBA Daily 8/14,2020-08-14T23:34:09.398274,estk_3caf7d1e2815d85833aee19dae855240,evt_3caf7d1e2815d858,Shai Gilgeous-Alexander,NBA,21.79,30.01,16.5,0.38,11.8200,5.5300,14.1600,11.2600
$500 NBA Daily 8/14,2020-08-14T23:34:09.398285,estk_3caf7d1e2815d858ce8e428feaa184fb,evt_3caf7d1e2815d858,Dennis Schroder,NBA,21.19,26.14,13,0.38,9.4100,3.5200,8.8700,5.5900
$500 NBA Daily 8/14,2020-08-14T23:34:09.398289,estk_3caf7d1e2815d858f101f1906b677e1c,evt_3caf7d1e2815d858,JaMychal Green,NBA,22.79,25.13,11,0.38,8.7000,4.0700,10.1200,7.4600
$500 NBA Daily 8/14,2020-08-14T23:34:09.398301,estk_3caf7d1e2815d858e9aea717e9a5e7f3,evt_3caf7d1e2815d858,Reggie Jackson,NBA,26.3,23.06,6.75,0.38,7.5100,5.8000,10.1300,6.6800
$500 NBA Daily 8/14,2020-08-14T23:34:09.398312,estk_3caf7d1e2815d85885e7a39b281a7530,evt_3caf7d1e2815d858,Ivica Zubac,NBA,25.69,19.93,4,0.38,5.9500,6.9700,8.2700,5.4300
$500 NBA Daily 8/14,2020-08-14T23:34:09.398320,estk_3caf7d1e2815d858d5d16483f5148c0b,evt_3caf7d1e2815d858,Darius Bazley,NBA,18.42,18.92,7.5,0.38,5.4500,4.4500,7.1200,4.3200
$500 NBA Daily 8/14,2020-08-14T23:34:09.398331,estk_3caf7d1e2815d8584d546eba965e40a0,evt_3caf7d1e2815d858,Steven Adams,NBA,23.31,17.95,3.5,0.38,5.0100,6.0600,7.1900,4.4800
$500 NBA Daily 8/14,2020-08-14T23:34:09.398335,estk_3caf7d1e2815d858d086e77c2f7fd9b3,evt_3caf7d1e2815d858,Hamidou Diallo,NBA,18.39,17.4,6,0.38,4.8000,4.4500,5.6200,2.7700
$500 NBA Daily 8/14,2020-08-14T23:34:09.398343,estk_3caf7d1e2815d8586e1b2c66fb087a89,evt_3caf7d1e2815d858,Danilo Gallinari,NBA,20.34,15.36,2.75,0.38,3.9900,5.0400,5.9600,3.3000
$500 NBA Daily 8/14,2020-08-14T23:34:09.398354,estk_3caf7d1e2815d8580b5bea604e9b515d,evt_3caf7d1e2815d858,Nerlens Noel,NBA,18.49,13.96,2.5,0.38,3.5100,4.4800,5.1400,2.5000
$500 NBA Daily 8/14,2020-08-14T23:34:09.398358,estk_3caf7d1e2815d85857693decb131a860,evt_3caf7d1e2815d858,Lou Williams,NBA,19.8,12.28,0,0.38,3.0800,4.9100,5.0400,2.2600
$500 NBA Daily 8/14,2020-08-14T23:34:09.398361,estk_3caf7d1e2815d858bb115bd4f54ff319,evt_3caf7d1e2815d858,Kawhi Leonard,NBA,11.63,7.21,0,0.38,1.9400,11.8000,3.7200,1.2200
$500 NBA Daily 8/14,2020-08-14T23:34:09.398365,estk_3caf7d1e2815d858f59563a6406f63f4,evt_3caf7d1e2815d858,Paul George,NBA,10.67,6.62,0,0.38,1.8800,10.9700,3.4900,1.1200
$500 NBA Daily 8/14,2020-08-14T23:34:09.398369,estk_3caf7d1e2815d8586e82fa5f30bdfa80,evt_3caf7d1e2815d858,Marcus Morris,NBA,7.1,4.4,0,0.38,1.5500,5.6000,3.3200,
$500 NBA Daily 8/14,2020-08-14T23:34:09.398373,estk_3caf7d1e2815d85886ea8af848cca3f6,evt_3caf7d1e2815d858,Chris Paul,NBA,0,0,0,0.38,1.0000,2.9700,2.5200,
$500 NBA Daily 8/14,2020-08-14T23:34:09.398377,estk_3caf7d1e2815d858b402a1af1291a618,evt_3caf7d1e2815d858,Patrick Beverley,NBA,0,0,0,0.38,1.0000,1.5000,2.5200,
$500 NBA Daily 8/14,2020-08-14T23:34:09.398381,estk_3caf7d1e2815d85885078b5202b93fb5,evt_3caf7d1e2815d858,Luguentz Dort,NBA,0,0,0,0.38,1.0000,1.4600,2.5200,
$500 NBA Daily 8/14,2020-08-14T23:34:09.398392,estk_3caf7d1e2815d858af1a06f413850d3c,evt_3caf7d1e2815d858,Montrezl Harrell,NBA,0,0,0,0.38,1.0000,1.6900,2.5200,
$500 NBA Daily 8/14,2020-08-14T23:37:41.722376,estk_3caf7d1e2815d85833aee19dae855240,evt_3caf7d1e2815d858,Shai Gilgeous-Alexander,NBA,21.79,29.79,16.5,0.39,11.9000,5.5300,13.5600,10.7600
$500 NBA Daily 8/14,2020-08-14T23:37:41.722386,estk_3caf7d1e2815d858ce8e428feaa184fb,evt_3caf7d1e2815d858,Dennis Schroder,NBA,21.19,25.93,13,0.39,9.3200,3.5200,11.0300,7.7200
$500 NBA Daily 8/14,2020-08-14T23:37:41.722391,estk_3caf7d1e2815d858f101f1906b677e1c,evt_3caf7d1e2815d858,JaMychal Green,NBA,22.79,24.9,11,0.39,8.7200,4.0700,10.1200,7.4600
$500 NBA Daily 8/14,2020-08-14T23:37:41.722402,estk_3caf7d1e2815d858e9aea717e9a5e7f3,evt_3caf7d1e2815d858,Reggie Jackson,NBA,26.3,22.79,6.75,0.39,7.5400,5.8000,9.1600,6.5900
$500 NBA Daily 8/14,2020-08-14T23:37:41.722417,estk_3caf7d1e2815d85885e7a39b281a7530,evt_3caf7d1e2815d858,Ivica Zubac,NBA,25.69,19.67,4,0.39,5.8500,6.9700,7.5500,4.9800
$500 NBA Daily 8/14,2020-08-14T23:37:41.722421,estk_3caf7d1e2815d858d5d16483f5148c0b,evt_3caf7d1e2815d858,Darius Bazley,NBA,18.42,18.74,7.5,0.39,5.4500,4.4500,7.1200,4.3200
$500 NBA Daily 8/14,2020-08-14T23:37:41.722433,estk_3caf7d1e2815d8584d546eba965e40a0,evt_3caf7d1e2815d858,Steven Adams,NBA,23.31,17.72,3.5,0.39,5.0100,6.0600,6.6100,4.1400
$500 NBA Daily 8/14,2020-08-14T23:37:41.722436,estk_3caf7d1e2815d858d086e77c2f7fd9b3,evt_3caf7d1e2815d858,Hamidou Diallo,NBA,18.39,17.22,6,0.39,4.8000,4.4500,5.9500,3.2300
$500 NBA Daily 8/14,2020-08-14T23:37:41.722444,estk_3caf7d1e2815d8586e1b2c66fb087a89,evt_3caf7d1e2815d858,Danilo Gallinari,NBA,20.34,15.16,2.75,0.39,4.0000,5.0400,5.5700,3.1600
$500 NBA Daily 8/14,2020-08-14T23:37:41.722456,estk_3caf7d1e2815d8580b5bea604e9b515d,evt_3caf7d1e2815d858,Nerlens Noel,NBA,18.49,13.78,2.5,0.39,3.4700,4.4800,5.1400,2.5000
$500 NBA Daily 8/14,2020-08-14T23:37:41.722459,estk_3caf7d1e2815d85857693decb131a860,evt_3caf7d1e2815d858,Lou Williams,NBA,19.8,12.08,0,0.39,3.0400,4.9100,4.6200,2.1700
$500 NBA Daily 8/14,2020-08-14T23:37:41.722463,estk_3caf7d1e2815d858bb115bd4f54ff319,evt_3caf7d1e2815d858,Kawhi Leonard,NBA,11.63,7.09,0,0.39,1.9300,11.8000,3.7200,1.1100
$500 NBA Daily 8/14,2020-08-14T23:37:41.722467,estk_3caf7d1e2815d858f59563a6406f63f4,evt_3caf7d1e2815d858,Paul George,NBA,10.67,6.51,0,0.39,1.8400,10.9700,3.4900,
$500 NBA Daily 8/14,2020-08-14T23:37:41.722471,estk_3caf7d1e2815d8586e82fa5f30bdfa80,evt_3caf7d1e2815d858,Marcus Morris,NBA,7.1,4.33,0,0.39,1.5600,5.6000,3.3200,
$500 NBA Daily 8/14,2020-08-14T23:37:41.722475,estk_3caf7d1e2815d85886ea8af848cca3f6,evt_3caf7d1e2815d858,Chris Paul,NBA,0,0,0,0.39,1.0000,2.9700,2.5200,
$500 NBA Daily 8/14,2020-08-14T23:37:41.722478,estk_3caf7d1e2815d858b402a1af1291a618,evt_3caf7d1e2815d858,Patrick Beverley,NBA,0,0,0,0.39,1.0000,1.5000,2.5200,
$500 NBA Daily 8/14,2020-08-14T23:37:41.722482,estk_3caf7d1e2815d85885078b5202b93fb5,evt_3caf7d1e2815d858,Luguentz Dort,NBA,0,0,0,0.39,1.0000,1.4600,2.5200,
$500 NBA Daily 8/14,2020-08-14T23:37:41.722493,estk_3caf7d1e2815d858af1a06f413850d3c,evt_3caf7d1e2815d858,Montrezl Harrell,NBA,0,0,0,0.39,1.0000,1.6900,2.5200,
$500 NBA Daily 8/14,2020-08-14T23:39:42.986374,estk_3caf7d1e2815d85833aee19dae855240,evt_3caf7d1e2815d858,Shai Gilgeous-Alexander,NBA,21.79,29.36,16.5,0.41,11.7300,5.5300,13.5600,10.7500
$500 NBA Daily 8/14,2020-08-14T23:39:42.986385,estk_3caf7d1e2815d858ce8e428feaa184fb,evt_3caf7d1e2815d858,Dennis Schroder,NBA,21.19,25.5,13,0.41,9.2100,3.5200,11.0300,7.7200
$500 NBA Daily 8/14,2020-08-14T23:39:42.986394,estk_3caf7d1e2815d858f101f1906b677e1c,evt_3caf7d1e2815d858,JaMychal Green,NBA,22.79,24.45,11,0.41,8.6500,4.0700,10.1200,7.4600
$500 NBA Daily 8/14,2020-08-14T23:39:42.986402,estk_3caf7d1e2815d858e9aea717e9a5e7f3,evt_3caf7d1e2815d858,Reggie Jackson,NBA,26.3,22.27,6.75,0.41,7.4600,5.8000,9.1600,6.4200
$500 NBA Daily 8/14,2020-08-14T23:39:42.986417,estk_3caf7d1e2815d85885e7a39b281a7530,evt_3caf7d1e2815d858,Ivica Zubac,NBA,25.69,19.16,4,0.41,5.8200,6.9700,7.5500,4.7500
$500 NBA Daily 8/14,2020-08-14T23:39:42.986428,estk_3caf7d1e2815d858d5d16483f5148c0b,evt_3caf7d1e2815d858,Darius Bazley,NBA,18.42,18.37,7.5,0.41,5.4000,4.4500,7.1200,4.3200
$500 NBA Daily 8/14,2020-08-14T23:39:42.986432,estk_3caf7d1e2815d8584d546eba965e40a0,evt_3caf7d1e2815d858,Steven Adams,NBA,23.31,17.25,3.5,0.41,4.9800,6.0600,6.6100,4.0000
$500 NBA Daily 8/14,2020-08-14T23:39:42.986436,estk_3caf7d1e2815d858d086e77c2f7fd9b3,evt_3caf7d1e2815d858,Hamidou Diallo,NBA,18.39,18.1,7.25,0.41,4.7400,4.4500,5.9500,3.2300
$500 NBA Daily 8/14,2020-08-14T23:39:42.986444,estk_3caf7d1e2815d8586e1b2c66fb087a89,evt_3caf7d1e2815d858,Danilo Gallinari,NBA,20.34,14.75,2.75,0.41,4.0100,5.0400,5.5700,2.9700
$500 NBA Daily 8/14,2020-08-14T23:39:42.986455,estk_3caf7d1e2815d8580b5bea604e9b515d,evt_3caf7d1e2815d858,Nerlens Noel,NBA,18.49,13.41,2.5,0.41,3.4700,4.4800,5.1400,2.5000
$500 NBA Daily 8/14,2020-08-14T23:39:42.986459,estk_3caf7d1e2815d85857693decb131a860,evt_3caf7d1e2815d858,Lou Williams,NBA,19.8,11.68,0,0.41,2.9500,4.9100,4.6200,2.1700
$500 NBA Daily 8/14,2020-08-14T23:39:42.986463,estk_3caf7d1e2815d858bb115bd4f54ff319,evt_3caf7d1e2815d858,Kawhi Leonard,NBA,11.63,6.86,0,0.41,1.9100,11.8000,3.7200,1.1100
$500 NBA Daily 8/14,2020-08-14T23:39:42.986467,estk_3caf7d1e2815d858f59563a6406f63f4,evt_3caf7d1e2815d858,Paul George,NBA,10.67,6.3,0,0.41,1.8200,10.9700,3.4900,
$500 NBA Daily 8/14,2020-08-14T23:39:42.986470,estk_3caf7d1e2815d8586e82fa5f30bdfa80,evt_3caf7d1e2815d858,Marcus Morris,NBA,7.1,4.19,0,0.41,1.5400,5.6000,3.3200,
$500 NBA Daily 8/14,2020-08-14T23:39:42.986474,estk_3caf7d1e2815d85886ea8af848cca3f6,evt_3caf7d1e2815d858,Chris Paul,NBA,0,0,0,0.41,1.0000,2.9700,2.5200,
$500 NBA Daily 8/14,2020-08-14T23:39:42.986478,estk_3caf7d1e2815d858b402a1af1291a618,evt_3caf7d1e2815d858,Patrick Beverley,NBA,0,0,0,0.41,1.0000,1.5000,2.5200,
$500 NBA Daily 8/14,2020-08-14T23:39:42.986482,estk_3caf7d1e2815d85885078b5202b93fb5,evt_3caf7d1e2815d858,Luguentz Dort,NBA,0,0,0,0.41,1.0000,1.4600,2.5200,
$500 NBA Daily 8/14,2020-08-14T23:39:42.986493,estk_3caf7d1e2815d858af1a06f413850d3c,evt_3caf7d1e2815d858,Montrezl Harrell,NBA,0,0,0,0.41,1.0000,1.6900,2.5200,
$500 NBA Daily 8/14,2020-08-14T23:41:44.075504,estk_3caf7d1e2815d85833aee19dae855240,evt_3caf7d1e2815d858,Shai Gilgeous-Alexander,NBA,21.79,28.92,16.5,0.43,11.6400,5.5300,13.5600,10.5500
$500 NBA Daily 8/14,2020-08-14T23:41:44.075514,estk_3caf7d1e2815d858ce8e428feaa184fb,evt_3caf7d1e2815d858,Dennis Schroder,NBA,21.19,25.08,13,0.43,9.1500,3.5200,11.0300,7.7200
$500 NBA Daily 8/14,2020-08-14T23:41:44.075523,estk_3caf7d1e2815d858f101f1906b677e1c,evt_3caf7d1e2815d858,JaMychal Green,NBA,22.79,23.99,11,0.43,8.4800,4.0700,10.1200,7.4600
$500 NBA Daily 8/14,2020-08-14T23:41:44.075535,estk_3caf7d1e2815d858e9aea717e9a5e7f3,evt_3caf7d1e2815d858,Reggie Jackson,NBA,26.3,21.74,6.75,0.43,7.3300,5.8000,9.1600,6.4200
$500 NBA Daily 8/14,2020-08-14T23:41:44.075546,estk_3caf7d1e2815d85885e7a39b281a7530,evt_3caf7d1e2815d858,Ivica Zubac,NBA,25.69,18.64,4,0.43,5.6900,6.9700,7.5500,4.7500
$500 NBA Daily 8/14,2020-08-14T23:41:44.075557,estk_3caf7d1e2815d858d5d16483f5148c0b,evt_3caf7d1e2815d858,Darius Bazley,NBA,18.42,18,7.5,0.43,5.3000,4.4500,7.1200,4.3200
$500 NBA Daily 8/14,2020-08-14T23:41:44.075561,estk_3caf7d1e2815d858d086e77c2f7fd9b3,evt_3caf7d1e2815d858,Hamidou Diallo,NBA,18.39,17.73,7.25,0.43,5.1900,4.4500,6.3800,3.5900
$500 NBA Daily 8/14,2020-08-14T23:41:44.075565,estk_3caf7d1e2815d8584d546eba965e40a0,evt_3caf7d1e2815d858,Steven Adams,NBA,23.31,16.79,3.5,0.43,4.8100,6.0600,6.6100,3.8300
$500 NBA Daily 8/14,2020-08-14T23:41:44.075576,estk_3caf7d1e2815d8586e1b2c66fb087a89,evt_3caf7d1e2815d858,Danilo Gallinari,NBA,20.34,14.34,2.75,0.43,3.8600,5.0400,5.4400,2.9700
$500 NBA Daily 8/14,2020-08-14T23:41:44.075583,estk_3caf7d1e2815d8580b5bea604e9b515d,evt_3caf7d1e2815d858,Nerlens Noel,NBA,18.49,13.04,2.5,0.43,3.3800,4.4800,5.1400,2.5000
$500 NBA Daily 8/14,2020-08-14T23:41:44.075587,estk_3caf7d1e2815d85857693decb131a860,evt_3caf7d1e2815d858,Lou Williams,NBA,19.8,11.29,0,0.43,2.9200,4.9100,4.5100,2.1000
$500 NBA Daily 8/14,2020-08-14T23:41:44.075591,estk_3caf7d1e2815d858bb115bd4f54ff319,evt_3caf7d1e2815d858,Kawhi Leonard,NBA,11.63,6.63,0,0.43,1.8900,11.8000,3.7200,1.0700
$500 NBA Daily 8/14,2020-08-14T23:41:44.075595,estk_3caf7d1e2815d858f59563a6406f63f4,evt_3caf7d1e2815d858,Paul George,NBA,10.67,6.08,0,0.43,1.7800,10.9700,3.4900,
$500 NBA Daily 8/14,2020-08-14T23:41:44.075599,estk_3caf7d1e2815d8586e82fa5f30bdfa80,evt_3caf7d1e2815d858,Marcus Morris,NBA,7.1,4.05,0,0.43,1.5200,5.6000,3.3200,
$500 NBA Daily 8/14,2020-08-14T23:41:44.075602,estk_3caf7d1e2815d85886ea8af848cca3f6,evt_3caf7d1e2815d858,Chris Paul,NBA,0,0,0,0.43,1.0000,2.9700,2.5200,
$500 NBA Daily 8/14,2020-08-14T23:41:44.075606,estk_3caf7d1e2815d858b402a1af1291a618,evt_3caf7d1e2815d858,Patrick Beverley,NBA,0,0,0,0.43,1.0000,1.5000,2.5200,
$500 NBA Daily 8/14,2020-08-14T23:41:44.075610,estk_3caf7d1e2815d85885078b5202b93fb5,evt_3caf7d1e2815d858,Luguentz Dort,NBA,0,0,0,0.43,1.0000,1.4600,2.5200,
$500 NBA Daily 8/14,2020-08-14T23:41:44.075621,estk_3caf7d1e2815d858af1a06f413850d3c,evt_3caf7d1e2815d858,Montrezl Harrell,NBA,0,0,0,0.43,1.0000,1.6900,2.5200,
$500 NBA Daily 8/14,2020-08-14T23:42:44.783635,estk_3caf7d1e2815d85833aee19dae855240,evt_3caf7d1e2815d858,Shai Gilgeous-Alexander,NBA,21.79,28.7,16.5,0.44,11.5900,5.5300,13.5600,10.5500
$500 NBA Daily 8/14,2020-08-14T23:42:44.783646,estk_3caf7d1e2815d858ce8e428feaa184fb,evt_3caf7d1e2815d858,Dennis Schroder,NBA,21.19,24.37,12.5,0.44,9.0500,3.5200,11.0300,7.7200
$500 NBA Daily 8/14,2020-08-14T23:42:44.783654,estk_3caf7d1e2815d858f101f1906b677e1c,evt_3caf7d1e2815d858,JaMychal Green,NBA,22.79,23.26,10.5,0.44,8.3200,4.0700,10.1200,7.4600
$500 NBA Daily 8/14,2020-08-14T23:42:44.783667,estk_3caf7d1e2815d858e9aea717e9a5e7f3,evt_3caf7d1e2815d858,Reggie Jackson,NBA,26.3,21.48,6.75,0.44,7.0900,5.8000,9.1600,6.4200
$500 NBA Daily 8/14,2020-08-14T23:42:44.783685,estk_3caf7d1e2815d85885e7a39b281a7530,evt_3caf7d1e2815d858,Ivica Zubac,NBA,25.69,18.39,4,0.44,5.5000,6.9700,7.5500,4.7500
$500 NBA Daily 8/14,2020-08-14T23:42:44.783689,estk_3caf7d1e2815d858d5d16483f5148c0b,evt_3caf7d1e2815d858,Darius Bazley,NBA,18.42,17.82,7.5,0.44,5.2100,4.4500,7.1200,4.3200
$500 NBA Daily 8/14,2020-08-14T23:42:44.783693,estk_3caf7d1e2815d858d086e77c2f7fd9b3,evt_3caf7d1e2815d858,Hamidou Diallo,NBA,18.39,17.55,7.25,0.44,5.1400,4.4500,6.3800,3.5900
$500 NBA Daily 8/14,2020-08-14T23:42:44.783697,estk_3caf7d1e2815d8584d546eba965e40a0,evt_3caf7d1e2815d858,Steven Adams,NBA,23.31,16.55,3.5,0.44,4.7000,6.0600,6.6100,3.8300
$500 NBA Daily 8/14,2020-08-14T23:42:44.783708,estk_3caf7d1e2815d8586e1b2c66fb087a89,evt_3caf7d1e2815d858,Danilo Gallinari,NBA,20.34,14.14,2.75,0.44,3.7600,5.0400,5.4400,2.9700
$500 NBA Daily 8/14,2020-08-14T23:42:44.783716,estk_3caf7d1e2815d8580b5bea604e9b515d,evt_3caf7d1e2815d858,Nerlens Noel,NBA,18.49,12.85,2.5,0.44,3.3000,4.4800,5.1400,2.5000
$500 NBA Daily 8/14,2020-08-14T23:42:44.783720,estk_3caf7d1e2815d85857693decb131a860,evt_3caf7d1e2815d858,Lou Williams,NBA,19.8,11.09,0,0.44,2.8300,4.9100,4.5100,2.0600
$500 NBA Daily 8/14,2020-08-14T23:42:44.783724,estk_3caf7d1e2815d858bb115bd4f54ff319,evt_3caf7d1e2815d858,Kawhi Leonard,NBA,11.63,6.51,0,0.44,1.8300,11.8000,3.7200,1.0600
$500 NBA Daily 8/14,2020-08-14T23:42:44.783728,estk_3caf7d1e2815d858f59563a6406f63f4,evt_3caf7d1e2815d858,Paul George,NBA,10.67,5.98,0,0.44,1.7800,10.9700,3.4900,
$500 NBA Daily 8/14,2020-08-14T23:42:44.783732,estk_3caf7d1e2815d8586e82fa5f30bdfa80,evt_3caf7d1e2815d858,Marcus Morris,NBA,7.1,3.98,0,0.44,1.5200,5.6000,3.3200,
$500 NBA Daily 8/14,2020-08-14T23:42:44.783736,estk_3caf7d1e2815d85886ea8af848cca3f6,evt_3caf7d1e2815d858,Chris Paul,NBA,0,0,0,0.44,1.0000,2.9700,2.5200,
$500 NBA Daily 8/14,2020-08-14T23:42:44.783740,estk_3caf7d1e2815d858b402a1af1291a618,evt_3caf7d1e2815d858,Patrick Beverley,NBA,0,0,0,0.44,1.0000,1.5000,2.5200,
$500 NBA Daily 8/14,2020-08-14T23:42:44.783744,estk_3caf7d1e2815d85885078b5202b93fb5,evt_3caf7d1e2815d858,Luguentz Dort,NBA,0,0,0,0.44,1.0000,1.4600,2.5200,
$500 NBA Daily 8/14,2020-08-14T23:42:44.783755,estk_3caf7d1e2815d858af1a06f413850d3c,evt_3caf7d1e2815d858,Montrezl Harrell,NBA,0,0,0,0.44,1.0000,1.6900,2.5200,
$500 NBA Daily 8/14,2020-08-14T23:44:46.197649,estk_3caf7d1e2815d85833aee19dae855240,evt_3caf7d1e2815d858,Shai Gilgeous-Alexander,NBA,21.79,28.27,16.5,0.46,11.4700,5.5300,13.5600,10.1600
$500 NBA Daily 8/14,2020-08-14T23:44:46.197663,estk_3caf7d1e2815d858ce8e428feaa184fb,evt_3caf7d1e2815d858,Dennis Schroder,NBA,21.19,24.94,13.5,0.46,8.7700,3.5200,10.4100,7.7200
$500 NBA Daily 8/14,2020-08-14T23:44:46.197671,estk_3caf7d1e2815d858f101f1906b677e1c,evt_3caf7d1e2815d858,JaMychal Green,NBA,22.79,25.81,13.5,0.46,8.0800,4.0700,9.6700,7.0500
$500 NBA Daily 8/14,2020-08-14T23:44:46.197679,estk_3caf7d1e2815d858e9aea717e9a5e7f3,evt_3caf7d1e2815d858,Reggie Jackson,NBA,26.3,20.95,6.75,0.46,7.0000,5.8000,9.1600,5.9300
$500 NBA Daily 8/14,2020-08-14T23:44:46.197698,estk_3caf7d1e2815d85885e7a39b281a7530,evt_3caf7d1e2815d858,Ivica Zubac,NBA,25.69,17.87,4,0.46,5.4500,6.9700,7.0600,4.3300
$500 NBA Daily 8/14,2020-08-14T23:44:46.197702,estk_3caf7d1e2815d858d5d16483f5148c0b,evt_3caf7d1e2815d858,Darius Bazley,NBA,18.42,17.45,7.5,0.46,5.2200,4.4500,7.1200,4.3200
$500 NBA Daily 8/14,2020-08-14T23:44:46.197705,estk_3caf7d1e2815d858d086e77c2f7fd9b3,evt_3caf7d1e2815d858,Hamidou Diallo,NBA,18.39,20.68,10.75,0.46,5.1500,4.4500,6.3800,3.5900
$500 NBA Daily 8/14,2020-08-14T23:44:46.197709,estk_3caf7d1e2815d8584d546eba965e40a0,evt_3caf7d1e2815d858,Steven Adams,NBA,23.31,16.09,3.5,0.46,4.5900,6.0600,6.6100,3.4100
$500 NBA Daily 8/14,2020-08-14T23:44:46.197724,estk_3caf7d1e2815d8586e1b2c66fb087a89,evt_3caf7d1e2815d858,Danilo Gallinari,NBA,20.34,13.73,2.75,0.46,3.7300,5.0400,5.4400,2.8400
$500 NBA Daily 8/14,2020-08-14T23:44:46.197728,estk_3caf7d1e2815d8580b5bea604e9b515d,evt_3caf7d1e2815d858,Nerlens Noel,NBA,18.49,12.48,2.5,0.46,3.3100,4.4800,4.8700,2.4000
$500 NBA Daily 8/14,2020-08-14T23:44:46.197732,estk_3caf7d1e2815d85857693decb131a860,evt_3caf7d1e2815d858,Lou Williams,NBA,19.8,10.69,0,0.46,2.7600,4.9100,4.5100,1.9400
$500 NBA Daily 8/14,2020-08-14T23:44:46.197735,estk_3caf7d1e2815d858bb115bd4f54ff319,evt_3caf7d1e2815d858,Kawhi Leonard,NBA,11.63,6.28,0,0.46,1.8200,11.8000,3.7200,
$500 NBA Daily 8/14,2020-08-14T23:44:46.197739,estk_3caf7d1e2815d858f59563a6406f63f4,evt_3caf7d1e2815d858,Paul George,NBA,10.67,5.76,0,0.46,1.7700,10.9700,3.4900,
$500 NBA Daily 8/14,2020-08-14T23:44:46.197743,estk_3caf7d1e2815d8586e82fa5f30bdfa80,evt_3caf7d1e2815d858,Marcus Morris,NBA,7.1,3.83,0,0.46,1.5000,5.6000,3.3200,
$500 NBA Daily 8/14,2020-08-14T23:44:46.197747,estk_3caf7d1e2815d85886ea8af848cca3f6,evt_3caf7d1e2815d858,Chris Paul,NBA,0,0,0,0.46,1.0000,2.9700,2.5200,
$500 NBA Daily 8/14,2020-08-14T23:44:46.197751,estk_3caf7d1e2815d858b402a1af1291a618,evt_3caf7d1e2815d858,Patrick Beverley,NBA,0,0,0,0.46,1.0000,1.5000,2.5200,
$500 NBA Daily 8/14,2020-08-14T23:44:46.197755,estk_3caf7d1e2815d85885078b5202b93fb5,evt_3caf7d1e2815d858,Luguentz Dort,NBA,0,0,0,0.46,1.0000,1.4600,2.5200,
$500 NBA Daily 8/14,2020-08-14T23:44:46.197765,estk_3caf7d1e2815d858af1a06f413850d3c,evt_3caf7d1e2815d858,Montrezl Harrell,NBA,0,0,0,0.46,1.0000,1.6900,2.5200,
$500 NBA Daily 8/14,2020-08-14T23:47:17.722531,estk_3caf7d1e2815d85833aee19dae855240,evt_3caf7d1e2815d858,Shai Gilgeous-Alexander,NBA,21.79,27.83,16.5,0.48,10.7800,5.5300,12.5000,10.0800
$500 NBA Daily 8/14,2020-08-14T23:47:17.722538,estk_3caf7d1e2815d858ce8e428feaa184fb,evt_3caf7d1e2815d858,Dennis Schroder,NBA,21.19,27.52,16.5,0.48,10.5600,3.5200,10.4100,8.8500
$500 NBA Daily 8/14,2020-08-14T23:47:17.722547,estk_3caf7d1e2815d858f101f1906b677e1c,evt_3caf7d1e2815d858,JaMychal Green,NBA,22.79,26.6,14.75,0.48,10.0100,4.0700,11.1800,7.8000
$500 NBA Daily 8/14,2020-08-14T23:47:17.722566,estk_3caf7d1e2815d858e9aea717e9a5e7f3,evt_3caf7d1e2815d858,Reggie Jackson,NBA,26.3,20.43,6.75,0.48,6.3600,5.8000,8.6400,5.6800
$500 NBA Daily 8/14,2020-08-14T23:47:17.722569,estk_3caf7d1e2815d858d086e77c2f7fd9b3,evt_3caf7d1e2815d858,Hamidou Diallo,NBA,18.39,20.31,10.75,0.48,6.2500,4.4500,7.8800,4.8700
$500 NBA Daily 8/14,2020-08-14T23:47:17.722584,estk_3caf7d1e2815d85885e7a39b281a7530,evt_3caf7d1e2815d858,Ivica Zubac,NBA,25.69,17.36,4,0.48,4.9300,6.9700,7.0600,4.2200
$500 NBA Daily 8/14,2020-08-14T23:47:17.722588,estk_3caf7d1e2815d858d5d16483f5148c0b,evt_3caf7d1e2815d858,Darius Bazley,NBA,18.42,16.58,7,0.48,4.5800,4.4500,6.1700,3.9500
$500 NBA Daily 8/14,2020-08-14T23:47:17.722596,estk_3caf7d1e2815d8584d546eba965e40a0,evt_3caf7d1e2815d858,Steven Adams,NBA,23.31,15.62,3.5,0.48,4.2400,6.0600,5.8200,3.4100
$500 NBA Daily 8/14,2020-08-14T23:47:17.722607,estk_3caf7d1e2815d8586e1b2c66fb087a89,evt_3caf7d1e2815d858,Danilo Gallinari,NBA,20.34,13.33,2.75,0.48,3.3600,5.0400,5.4400,2.4300
$500 NBA Daily 8/14,2020-08-14T23:47:17.722611,estk_3caf7d1e2815d8580b5bea604e9b515d,evt_3caf7d1e2815d858,Nerlens Noel,NBA,18.49,12.11,2.5,0.48,2.9900,4.4800,4.8700,2.2900
$500 NBA Daily 8/14,2020-08-14T23:47:17.722615,estk_3caf7d1e2815d85857693decb131a860,evt_3caf7d1e2815d858,Lou Williams,NBA,19.8,10.3,0,0.48,2.5200,4.9100,4.5100,1.9400
$500 NBA Daily 8/14,2020-08-14T23:47:17.722618,estk_3caf7d1e2815d858bb115bd4f54ff319,evt_3caf7d1e2815d858,Kawhi Leonard,NBA,11.63,6.05,0,0.48,1.7300,11.8000,3.7200,
$500 NBA Daily 8/14,2020-08-14T23:47:17.722622,estk_3caf7d1e2815d858f59563a6406f63f4,evt_3caf7d1e2815d858,Paul George,NBA,10.67,5.55,0,0.48,1.6500,10.9700,3.4900,
$500 NBA Daily 8/14,2020-08-14T23:47:17.722626,estk_3caf7d1e2815d8586e82fa5f30bdfa80,evt_3caf7d1e2815d858,Marcus Morris,NBA,7.1,3.69,0,0.48,1.4500,5.6000,3.3200,
$500 NBA Daily 8/14,2020-08-14T23:47:17.722629,estk_3caf7d1e2815d85886ea8af848cca3f6,evt_3caf7d1e2815d858,Chris Paul,NBA,0,0,0,0.48,1.0000,2.9700,2.5200,
$500 NBA Daily 8/14,2020-08-14T23:47:17.722633,estk_3caf7d1e2815d858b402a1af1291a618,evt_3caf7d1e2815d858,Patrick Beverley,NBA,0,0,0,0.48,1.0000,1.5000,2.5200,
$500 NBA Daily 8/14,2020-08-14T23:47:17.722637,estk_3caf7d1e2815d85885078b5202b93fb5,evt_3caf7d1e2815d858,Luguentz Dort,NBA,0,0,0,0.48,1.0000,1.4600,2.5200,
$500 NBA Daily 8/14,2020-08-14T23:47:17.722649,estk_3caf7d1e2815d858af1a06f413850d3c,evt_3caf7d1e2815d858,Montrezl Harrell,NBA,0,0,0,0.48,1.0000,1.6900,2.5200,
$500 NBA Daily 8/14,2020-08-14T23:48:18.579671,estk_3caf7d1e2815d858ce8e428feaa184fb,evt_3caf7d1e2815d858,Dennis Schroder,NBA,21.19,32.09,21.5,0.5,13.3000,3.5200,12.2700,11.5300
$500 NBA Daily 8/14,2020-08-14T23:48:18.579678,estk_3caf7d1e2815d858f101f1906b677e1c,evt_3caf7d1e2815d858,JaMychal Green,NBA,22.79,28.14,16.75,0.5,10.6600,4.0700,11.7100,8.9500
$500 NBA Daily 8/14,2020-08-14T23:48:18.579682,estk_3caf7d1e2815d85833aee19dae855240,evt_3caf7d1e2815d858,Shai Gilgeous-Alexander,NBA,21.79,27.39,16.5,0.5,10.1500,5.5300,12.5000,9.7600
$500 NBA Daily 8/14,2020-08-14T23:48:18.579701,estk_3caf7d1e2815d858d086e77c2f7fd9b3,evt_3caf7d1e2815d858,Hamidou Diallo,NBA,18.39,21.95,12.75,0.5,6.9900,4.4500,7.8800,4.8700
$500 NBA Daily 8/14,2020-08-14T23:48:18.579712,estk_3caf7d1e2815d858e9aea717e9a5e7f3,evt_3caf7d1e2815d858,Reggie Jackson,NBA,26.3,19.9,6.75,0.5,5.8800,5.8000,7.5000,5.4500
$500 NBA Daily 8/14,2020-08-14T23:48:18.579724,estk_3caf7d1e2815d85885e7a39b281a7530,evt_3caf7d1e2815d858,Ivica Zubac,NBA,25.69,16.84,4,0.5,4.5400,6.9700,6.1300,4.0800
$500 NBA Daily 8/14,2020-08-14T23:48:18.579731,estk_3caf7d1e2815d858d5d16483f5148c0b,evt_3caf7d1e2815d858,Darius Bazley,NBA,18.42,16.21,7,0.5,4.3200,4.4500,6.1700,3.7000
$500 NBA Daily 8/14,2020-08-14T23:48:18.579738,estk_3caf7d1e2815d8584d546eba965e40a0,evt_3caf7d1e2815d858,Steven Adams,NBA,23.31,15.15,3.5,0.5,3.9100,6.0600,5.8200,3.3800
$500 NBA Daily 8/14,2020-08-14T23:48:18.579746,estk_3caf7d1e2815d8586e1b2c66fb087a89,evt_3caf7d1e2815d858,Danilo Gallinari,NBA,20.34,12.92,2.75,0.5,3.1800,5.0400,4.7400,2.4300
$500 NBA Daily 8/14,2020-08-14T23:48:18.579750,estk_3caf7d1e2815d8580b5bea604e9b515d,evt_3caf7d1e2815d858,Nerlens Noel,NBA,18.49,11.74,2.5,0.5,2.8700,4.4800,4.4300,2.1200
$500 NBA Daily 8/14,2020-08-14T23:48:18.579754,estk_3caf7d1e2815d85857693decb131a860,evt_3caf7d1e2815d858,Lou Williams,NBA,19.8,9.9,0,0.5,2.4100,4.9100,4.0700,1.6900
$500 NBA Daily 8/14,2020-08-14T23:48:18.579758,estk_3caf7d1e2815d858bb115bd4f54ff319,evt_3caf7d1e2815d858,Kawhi Leonard,NBA,11.63,5.82,0,0.5,1.6500,11.8000,3.7200,
$500 NBA Daily 8/14,2020-08-14T23:48:18.579762,estk_3caf7d1e2815d858f59563a6406f63f4,evt_3caf7d1e2815d858,Paul George,NBA,10.67,5.33,0,0.5,1.6000,10.9700,3.4900,
$500 NBA Daily 8/14,2020-08-14T23:48:18.579766,estk_3caf7d1e2815d8586e82fa5f30bdfa80,evt_3caf7d1e2815d858,Marcus Morris,NBA,7.1,3.55,0,0.5,1.4300,5.6000,3.3200,
$500 NBA Daily 8/14,2020-08-14T23:48:18.579770,estk_3caf7d1e2815d85886ea8af848cca3f6,evt_3caf7d1e2815d858,Chris Paul,NBA,0,0,0,0.5,1.0000,2.9700,2.5200,
$500 NBA Daily 8/14,2020-08-14T23:48:18.579774,estk_3caf7d1e2815d858b402a1af1291a618,evt_3caf7d1e2815d858,Patrick Beverley,NBA,0,0,0,0.5,1.0000,1.5000,2.5200,
$500 NBA Daily 8/14,2020-08-14T23:48:18.579777,estk_3caf7d1e2815d85885078b5202b93fb5,evt_3caf7d1e2815d858,Luguentz Dort,NBA,0,0,0,0.5,1.0000,1.4600,2.5200,
