name,time,id,event_id,stock_name,sector,fantasy_points_projected,fantasy_points_projected_live,fantasy_points_scored,amount_completed,estimated_price,last_price,ask_price,bid_price
Wyndham Championship Test Market,2020-08-13T09:08:24.109937,estk_6bca21b626c15114503f60443b3bd112,evt_6bca21b626c15114,Webb Simpson,PGA,79.15,,,,12.2000,1.7600,,
Wyndham Championship Test Market,2020-08-13T09:08:24.109963,estk_6bca21b626c1511403fcb99bd098267b,evt_6bca21b626c15114,Patrick Reed,PGA,78.09,,,,11.5100,1.7200,,
Wyndham Championship Test Market,2020-08-13T09:08:24.109969,estk_6bca21b626c1511430ccd165c4aa611d,evt_6bca21b626c15114,Brooks Koepka,PGA,76.15,,,,10.3300,1.6400,,
Wyndham Championship Test Market,2020-08-13T09:08:24.109973,estk_6bca21b626c15114db5881f101cec470,evt_6bca21b626c15114,Justin Rose,PGA,74.58,,,,9.3600,1.5700,,
Wyndham Championship Test Market,2020-08-13T09:08:24.109977,estk_6bca21b626c15114e64a0e6fb2b31683,evt_6bca21b626c15114,Rafa Cabrera Bello,PGA,71.6,,,,7.5800,1.4400,,
Wyndham Championship Test Market,2020-08-13T09:08:24.109981,estk_6bca21b626c151146cf2ca706ee5c6ba,evt_6bca21b626c15114,Zach Johnson,PGA,70.96,,,,7.2600,1.4300,,
Wyndham Championship Test Market,2020-08-13T09:08:24.109985,estk_6bca21b626c15114a251d6b9cc0a07e5,evt_6bca21b626c15114,Sungjae Im,PGA,70.86,,,,7.1700,1.4200,,
Wyndham Championship Test Market,2020-08-13T09:08:24.109988,estk_6bca21b626c151145e6a5c337da2b39d,evt_6bca21b626c15114,Matthias Schwab,PGA,70.52,,,,6.9800,1.4100,,
Wyndham Championship Test Market,2020-08-13T09:08:24.109992,estk_6bca21b626c15114694b41dae4b8654f,evt_6bca21b626c15114,Lucas Glover,PGA,70.44,,,,6.9700,1.4100,,
Wyndham Championship Test Market,2020-08-13T09:08:24.109996,estk_6bca21b626c15114dda748b4200f22bf,evt_6bca21b626c15114,Paul Casey,PGA,70.47,,,,6.9500,1.4100,,
Wyndham Championship Test Market,2020-08-13T09:08:24.110001,estk_6bca21b626c151142ab98d8a9a770fd5,evt_6bca21b626c15114,Jordan Spieth,PGA,69.68,,,,6.6200,1.3900,,
Wyndham Championship Test Market,2020-08-13T09:08:24.110004,estk_6bca21b626c15114170130e9fa731e23,evt_6bca21b626c15114,Jason Kokrak,PGA,69.7,,,,6.5100,1.3800,,
Wyndham Championship Test Market,2020-08-13T09:08:24.110008,estk_6bca21b626c1511456ab6ba90ba02e56,evt_6bca21b626c15114,Joaquin Niemann,PGA,69.43,,,,6.3600,1.3700,,
Wyndham Championship Test Market,2020-08-13T09:08:24.110011,estk_6bca21b626c1511491386b499e2742a4,evt_6bca21b626c15114,Ryan Moore,PGA,68.9,,,,6.2000,1.3600,,
Wyndham Championship Test Market,2020-08-13T09:08:24.110015,estk_6bca21b626c151141fc545ba8ac8cb0b,evt_6bca21b626c15114,Rory Sabbatini,PGA,68.41,,,,6.0300,1.3400,,
Wyndham Championship Test Market,2020-08-13T09:08:24.110018,estk_6bca21b626c151144c6653517cec92a3,evt_6bca21b626c15114,Russell Knox,PGA,68.26,,,,5.9400,1.3400,,
Wyndham Championship Test Market,2020-08-13T09:08:24.110022,estk_6bca21b626c15114d8f0d69f88d3691a,evt_6bca21b626c15114,Doc Redman,PGA,68.27,,,,5.9300,1.3400,,
Wyndham Championship Test Market,2020-08-13T09:08:24.110026,estk_6bca21b626c151144e5af02280177635,evt_6bca21b626c15114,Si Woo Kim,PGA,68.37,,,,5.8800,1.3300,,
Wyndham Championship Test Market,2020-08-13T09:08:24.110029,estk_6bca21b626c15114727afcd55bf28e15,evt_6bca21b626c15114,Brandt Snedeker,PGA,68.02,,,,5.8300,1.3300,,
Wyndham Championship Test Market,2020-08-13T09:08:24.110033,estk_6bca21b626c151141ca8635140548cc5,evt_6bca21b626c15114,Harris English,PGA,67.04,,,,5.3400,1.3000,,
Wyndham Championship Test Market,2020-08-13T09:08:24.110036,estk_6bca21b626c15114e71bc53e996275e5,evt_6bca21b626c15114,Brian Gay,PGA,66.9,,,,5.2800,1.2900,,
Wyndham Championship Test Market,2020-08-13T09:08:24.110039,estk_6bca21b626c15114938149290ef83c69,evt_6bca21b626c15114,Cameron Percy,PGA,66.88,,,,5.2800,1.2900,,
Wyndham Championship Test Market,2020-08-13T09:08:24.110043,estk_6bca21b626c1511499495eb9a3c8aa25,evt_6bca21b626c15114,Kevin Kisner,PGA,66.1,,,,5.0100,1.2800,,
Wyndham Championship Test Market,2020-08-13T09:08:24.110046,estk_6bca21b626c1511460e6f2aa7e058964,evt_6bca21b626c15114,Tommy Fleetwood,PGA,0,,,,1.0000,1.0000,,
Wyndham Championship Test Market,2020-08-13T09:08:24.110050,estk_6bca21b626c15114277e17576c06f23a,evt_6bca21b626c15114,Abraham Ancer,PGA,0,,,,1.0000,1.0000,,
Wyndham Championship Test Market,2020-08-13T11:08:29.980476,estk_6bca21b626c15114503f60443b3bd112,evt_6bca21b626c15114,Webb Simpson,PGA,79.15,79.15,0,0,12.2500,11.6800,13.8400,
Wyndham Championship Test Market,2020-08-13T11:08:29.980506,estk_6bca21b626c1511403fcb99bd098267b,evt_6bca21b626c15114,Patrick Reed,PGA,78.09,78.09,0,0,11.5100,10.9700,13.2500,
Wyndham Championship Test Market,2020-08-13T11:08:29.980512,estk_6bca21b626c1511430ccd165c4aa611d,evt_6bca21b626c15114,Brooks Koepka,PGA,76.15,76.15,0,0,10.2200,9.8400,12.0000,
Wyndham Championship Test Market,2020-08-13T11:08:29.980517,estk_6bca21b626c15114db5881f101cec470,evt_6bca21b626c15114,Justin Rose,PGA,74.58,74.58,0,0,9.3300,8.8400,10.8800,
Wyndham Championship Test Market,2020-08-13T11:08:29.980521,estk_6bca21b626c15114e64a0e6fb2b31683,evt_6bca21b626c15114,Rafa Cabrera Bello,PGA,71.6,71.6,0,0,7.6200,7.3200,9.1800,
Wyndham Championship Test Market,2020-08-13T11:08:29.980526,estk_6bca21b626c151146cf2ca706ee5c6ba,evt_6bca21b626c15114,Zach Johnson,PGA,70.96,70.96,0,0,7.1700,6.9800,8.9600,
Wyndham Championship Test Market,2020-08-13T11:08:29.980530,estk_6bca21b626c15114a251d6b9cc0a07e5,evt_6bca21b626c15114,Sungjae Im,PGA,70.86,70.86,0,0,7.1700,6.9100,8.8300,
Wyndham Championship Test Market,2020-08-13T11:08:29.980534,estk_6bca21b626c15114694b41dae4b8654f,evt_6bca21b626c15114,Lucas Glover,PGA,70.44,70.44,0,0,7.0000,6.7000,8.6100,
Wyndham Championship Test Market,2020-08-13T11:08:29.980538,estk_6bca21b626c151145e6a5c337da2b39d,evt_6bca21b626c15114,Matthias Schwab,PGA,70.52,70.52,0,0,6.9800,6.7500,8.6200,
Wyndham Championship Test Market,2020-08-13T11:08:29.980542,estk_6bca21b626c15114dda748b4200f22bf,evt_6bca21b626c15114,Paul Casey,PGA,70.47,70.47,0,0,6.9100,6.7400,8.5500,
Wyndham Championship Test Market,2020-08-13T11:08:29.980547,estk_6bca21b626c15114170130e9fa731e23,evt_6bca21b626c15114,Jason Kokrak,PGA,69.7,69.7,0,0,6.6700,6.3900,8.1800,
Wyndham Championship Test Market,2020-08-13T11:08:29.980551,estk_6bca21b626c151142ab98d8a9a770fd5,evt_6bca21b626c15114,Jordan Spieth,PGA,69.68,69.68,0,0,6.5600,6.2600,8.2400,
Wyndham Championship Test Market,2020-08-13T11:08:29.980555,estk_6bca21b626c1511456ab6ba90ba02e56,evt_6bca21b626c15114,Joaquin Niemann,PGA,69.43,69.43,0,0,6.4100,6.2300,8.0700,
Wyndham Championship Test Market,2020-08-13T11:08:29.980559,estk_6bca21b626c1511491386b499e2742a4,evt_6bca21b626c15114,Ryan Moore,PGA,68.9,68.9,0,0,6.1900,6.0000,7.8600,
Wyndham Championship Test Market,2020-08-13T11:08:29.980563,estk_6bca21b626c151144e5af02280177635,evt_6bca21b626c15114,Si Woo Kim,PGA,68.37,68.37,0,0,6.0200,5.7700,7.6500,
Wyndham Championship Test Market,2020-08-13T11:08:29.980567,estk_6bca21b626c151141fc545ba8ac8cb0b,evt_6bca21b626c15114,Rory Sabbatini,PGA,68.41,68.41,0,0,5.9300,5.7900,7.5900,
Wyndham Championship Test Market,2020-08-13T11:08:29.980571,estk_6bca21b626c151144c6653517cec92a3,evt_6bca21b626c15114,Russell Knox,PGA,68.26,68.26,0,0,5.8800,5.7600,7.5700,
Wyndham Championship Test Market,2020-08-13T11:08:29.980575,estk_6bca21b626c15114d8f0d69f88d3691a,evt_6bca21b626c15114,Doc Redman,PGA,68.27,68.27,0,0,5.8500,5.7600,7.5600,
Wyndham Championship Test Market,2020-08-13T11:08:29.980580,estk_6bca21b626c15114727afcd55bf28e15,evt_6bca21b626c15114,Brandt Snedeker,PGA,68.02,68.02,0,0,5.8500,5.6000,7.4200,
Wyndham Championship Test Market,2020-08-13T11:08:29.980584,estk_6bca21b626c15114938149290ef83c69,evt_6bca21b626c15114,Cameron Percy,PGA,66.88,66.88,0,0,5.3600,5.1800,6.9000,
Wyndham Championship Test Market,2020-08-13T11:08:29.980588,estk_6bca21b626c151141ca8635140548cc5,evt_6bca21b626c15114,Harris English,PGA,67.04,67.04,0,0,5.3500,5.1700,6.9800,
Wyndham Championship Test Market,2020-08-13T11:08:29.980592,estk_6bca21b626c15114e71bc53e996275e5,evt_6bca21b626c15114,Brian Gay,PGA,66.9,66.9,0,0,5.3300,5.1700,6.9100,
Wyndham Championship Test Market,2020-08-13T11:08:29.980595,estk_6bca21b626c1511499495eb9a3c8aa25,evt_6bca21b626c15114,Kevin Kisner,PGA,66.1,66.1,0,0,4.9500,4.8400,6.5800,
Wyndham Championship Test Market,2020-08-13T11:08:29.980599,estk_6bca21b626c1511460e6f2aa7e058964,evt_6bca21b626c15114,Tommy Fleetwood,PGA,0,0,0,1,1.0000,1.0000,2.5200,
Wyndham Championship Test Market,2020-08-13T11:08:29.980603,estk_6bca21b626c15114277e17576c06f23a,evt_6bca21b626c15114,Abraham Ancer,PGA,0,0,0,1,1.0000,1.0000,2.5200,
Wyndham Championship Test Market,2020-08-13T11:38:31.489529,estk_6bca21b626c15114170130e9fa731e23,evt_6bca21b626c15114,Jason Kokrak,PGA,69.7,69,0,0.01,6.1900,6.3900,8.1800,
Wyndham Championship Test Market,2020-08-13T11:48:32.046520,estk_6bca21b626c15114170130e9fa731e23,evt_6bca21b626c15114,Jason Kokrak,PGA,69.7,68.61,1,0.03,6.0100,6.3900,7.6100,
Wyndham Championship Test Market,2020-08-13T11:59:28.314611,estk_6bca21b626c15114e64a0e6fb2b31683,evt_6bca21b626c15114,Rafa Cabrera Bello,PGA,71.6,70.88,0,0.01,7.1100,7.3200,9.1800,
Wyndham Championship Test Market,2020-08-13T12:09:28.883987,estk_6bca21b626c1511456ab6ba90ba02e56,evt_6bca21b626c15114,Joaquin Niemann,PGA,69.43,69.74,1,0.01,6.5800,6.2300,8.0700,
Wyndham Championship Test Market,2020-08-13T12:09:28.884015,estk_6bca21b626c15114170130e9fa731e23,evt_6bca21b626c15114,Jason Kokrak,PGA,69.7,67.91,1,0.04,5.6700,6.3900,7.6100,
Wyndham Championship Test Market,2020-08-13T12:19:29.398196,estk_6bca21b626c15114e64a0e6fb2b31683,evt_6bca21b626c15114,Rafa Cabrera Bello,PGA,71.6,71.45,2,0.03,7.4600,7.3200,9.1800,5.9100
Wyndham Championship Test Market,2020-08-13T12:19:29.398201,estk_6bca21b626c15114a251d6b9cc0a07e5,evt_6bca21b626c15114,Sungjae Im,PGA,70.86,71.15,1,0.01,7.3800,6.9100,8.8300,5.8600
Wyndham Championship Test Market,2020-08-13T12:19:29.398267,estk_6bca21b626c15114170130e9fa731e23,evt_6bca21b626c15114,Jason Kokrak,PGA,69.7,66.52,1,0.06,5.1200,6.3900,6.6900,4.0400
Wyndham Championship Test Market,2020-08-13T12:29:29.875196,estk_6bca21b626c15114503f60443b3bd112,evt_6bca21b626c15114,Webb Simpson,PGA,79.15,79.36,1,0.01,12.4300,11.6800,13.8400,10.6800
Wyndham Championship Test Market,2020-08-13T12:29:29.875232,estk_6bca21b626c1511430ccd165c4aa611d,evt_6bca21b626c15114,Brooks Koepka,PGA,76.15,76.39,1,0.01,10.4600,9.8400,12.0000,8.7300
Wyndham Championship Test Market,2020-08-13T12:29:29.875237,estk_6bca21b626c15114db5881f101cec470,evt_6bca21b626c15114,Justin Rose,PGA,74.58,73.83,0,0.01,8.8800,8.8400,10.8800,7.7100
Wyndham Championship Test Market,2020-08-13T12:29:29.875241,estk_6bca21b626c15114e64a0e6fb2b31683,evt_6bca21b626c15114,Rafa Cabrera Bello,PGA,71.6,71.74,3,0.04,7.5300,7.3200,9.1800,5.9100
Wyndham Championship Test Market,2020-08-13T12:29:29.875266,estk_6bca21b626c151142ab98d8a9a770fd5,evt_6bca21b626c15114,Jordan Spieth,PGA,69.68,69.98,1,0.01,6.8300,6.2600,8.2400,5.0100
Wyndham Championship Test Market,2020-08-13T12:29:29.875270,estk_6bca21b626c1511456ab6ba90ba02e56,evt_6bca21b626c15114,Joaquin Niemann,PGA,69.43,69.35,2,0.03,6.3900,6.2300,8.0700,5.0400
Wyndham Championship Test Market,2020-08-13T12:29:29.875297,estk_6bca21b626c15114170130e9fa731e23,evt_6bca21b626c15114,Jason Kokrak,PGA,69.7,67.82,3,0.07,5.5800,6.3900,7.1900,4.0400
Wyndham Championship Test Market,2020-08-13T12:39:30.395267,estk_6bca21b626c15114503f60443b3bd112,evt_6bca21b626c15114,Webb Simpson,PGA,79.15,78.78,2,0.03,12.1200,11.6800,13.8400,10.6800
Wyndham Championship Test Market,2020-08-13T12:39:30.395320,estk_6bca21b626c15114a251d6b9cc0a07e5,evt_6bca21b626c15114,Sungjae Im,PGA,70.86,70.73,2,0.03,7.1300,6.9100,8.8300,5.8600
Wyndham Championship Test Market,2020-08-13T12:39:30.395351,estk_6bca21b626c1511456ab6ba90ba02e56,evt_6bca21b626c15114,Joaquin Niemann,PGA,69.43,68.65,2,0.04,5.9800,6.2300,8.0700,5.0400
Wyndham Championship Test Market,2020-08-13T12:49:30.880094,estk_6bca21b626c15114503f60443b3bd112,evt_6bca21b626c15114,Webb Simpson,PGA,79.15,78.98,3,0.04,12.3300,11.6800,13.8400,10.7000
Wyndham Championship Test Market,2020-08-13T12:49:30.880127,estk_6bca21b626c1511430ccd165c4aa611d,evt_6bca21b626c15114,Brooks Koepka,PGA,76.15,75.1,2,0.04,9.8600,9.8400,11.4500,8.7300
Wyndham Championship Test Market,2020-08-13T12:49:30.880132,estk_6bca21b626c15114db5881f101cec470,evt_6bca21b626c15114,Justin Rose,PGA,74.58,72.34,0,0.03,8.1800,8.8400,9.7200,6.4000
Wyndham Championship Test Market,2020-08-13T12:49:30.880137,estk_6bca21b626c15114e64a0e6fb2b31683,evt_6bca21b626c15114,Rafa Cabrera Bello,PGA,71.6,71.59,5,0.07,7.5100,7.3200,9.1800,6.0100
Wyndham Championship Test Market,2020-08-13T12:49:30.880145,estk_6bca21b626c15114a251d6b9cc0a07e5,evt_6bca21b626c15114,Sungjae Im,PGA,70.86,71.03,3,0.04,7.2400,6.9100,8.8300,5.8600
Wyndham Championship Test Market,2020-08-13T12:49:30.880165,estk_6bca21b626c151142ab98d8a9a770fd5,evt_6bca21b626c15114,Jordan Spieth,PGA,69.68,69.59,2,0.03,6.6100,6.2600,8.2400,5.0100
Wyndham Championship Test Market,2020-08-13T12:49:30.880173,estk_6bca21b626c151141fc545ba8ac8cb0b,evt_6bca21b626c15114,Rory Sabbatini,PGA,68.41,68.73,1,0.01,6.2300,5.7900,7.5900,5.0300
Wyndham Championship Test Market,2020-08-13T12:49:30.880178,estk_6bca21b626c15114d8f0d69f88d3691a,evt_6bca21b626c15114,Doc Redman,PGA,68.27,68.59,1,0.01,6.2200,5.7600,7.5600,4.6000
Wyndham Championship Test Market,2020-08-13T12:49:30.880197,estk_6bca21b626c15114170130e9fa731e23,evt_6bca21b626c15114,Jason Kokrak,PGA,69.7,68.12,4,0.08,5.7800,6.3900,7.1900,4.2100
Wyndham Championship Test Market,2020-08-13T12:59:31.403825,estk_6bca21b626c15114503f60443b3bd112,evt_6bca21b626c15114,Webb Simpson,PGA,79.15,76.4,2,0.06,10.6900,11.6800,12.4400,9.0300
Wyndham Championship Test Market,2020-08-13T12:59:31.403836,estk_6bca21b626c15114db5881f101cec470,evt_6bca21b626c15114,Justin Rose,PGA,74.58,72.6,1,0.04,8.2700,8.8400,9.7200,6.7300
Wyndham Championship Test Market,2020-08-13T12:59:31.403842,estk_6bca21b626c15114a251d6b9cc0a07e5,evt_6bca21b626c15114,Sungjae Im,PGA,70.86,71.61,5,0.06,7.7200,6.9100,9.3700,6.1100
Wyndham Championship Test Market,2020-08-13T12:59:31.403854,estk_6bca21b626c151142ab98d8a9a770fd5,evt_6bca21b626c15114,Jordan Spieth,PGA,69.68,70.89,4,0.04,7.3700,6.2600,8.9600,5.6600
Wyndham Championship Test Market,2020-08-13T12:59:31.403858,estk_6bca21b626c15114694b41dae4b8654f,evt_6bca21b626c15114,Lucas Glover,PGA,70.44,70.74,1,0.01,7.3400,6.7000,8.6100,5.7500
Wyndham Championship Test Market,2020-08-13T12:59:31.403879,estk_6bca21b626c151141fc545ba8ac8cb0b,evt_6bca21b626c15114,Rory Sabbatini,PGA,68.41,68.36,2,0.03,6.1300,5.7900,7.5900,5.0300
Wyndham Championship Test Market,2020-08-13T12:59:31.403890,estk_6bca21b626c1511491386b499e2742a4,evt_6bca21b626c15114,Ryan Moore,PGA,68.9,68.21,0,0.01,6.0500,6.0000,7.8600,4.7300
Wyndham Championship Test Market,2020-08-13T12:59:31.403894,estk_6bca21b626c1511456ab6ba90ba02e56,evt_6bca21b626c15114,Joaquin Niemann,PGA,69.43,68.26,3,0.06,5.9700,6.2300,7.5400,5.0400
Wyndham Championship Test Market,2020-08-13T12:59:31.403899,estk_6bca21b626c15114170130e9fa731e23,evt_6bca21b626c15114,Jason Kokrak,PGA,69.7,67.73,5,0.1,5.5600,6.3900,7.1900,4.2100
Wyndham Championship Test Market,2020-08-13T13:09:31.971788,estk_6bca21b626c1511430ccd165c4aa611d,evt_6bca21b626c15114,Brooks Koepka,PGA,76.15,74.58,3,0.06,9.5800,9.8400,11.4500,8.5900
Wyndham Championship Test Market,2020-08-13T13:09:31.971793,estk_6bca21b626c15114e64a0e6fb2b31683,evt_6bca21b626c15114,Rafa Cabrera Bello,PGA,71.6,72.87,7,0.08,8.3200,7.3200,10.1600,6.8200
Wyndham Championship Test Market,2020-08-13T13:09:31.971798,estk_6bca21b626c15114db5881f101cec470,evt_6bca21b626c15114,Justin Rose,PGA,74.58,72.11,2,0.06,8.0500,8.8400,9.7200,6.7300
Wyndham Championship Test Market,2020-08-13T13:09:31.971819,estk_6bca21b626c15114694b41dae4b8654f,evt_6bca21b626c15114,Lucas Glover,PGA,70.44,70.33,2,0.03,7.2200,6.7000,8.6200,5.8200
Wyndham Championship Test Market,2020-08-13T13:09:31.971823,estk_6bca21b626c151142ab98d8a9a770fd5,evt_6bca21b626c15114,Jordan Spieth,PGA,69.68,70.5,5,0.06,7.1400,6.2600,8.9600,5.8100
Wyndham Championship Test Market,2020-08-13T13:09:31.971831,estk_6bca21b626c15114170130e9fa731e23,evt_6bca21b626c15114,Jason Kokrak,PGA,69.7,69.03,7,0.11,6.1900,6.3900,7.8000,4.6600
Wyndham Championship Test Market,2020-08-13T13:09:31.971846,estk_6bca21b626c15114d8f0d69f88d3691a,evt_6bca21b626c15114,Doc Redman,PGA,68.27,68.22,2,0.03,6.0700,5.7600,7.5600,4.6300
Wyndham Championship Test Market,2020-08-13T13:09:31.971850,estk_6bca21b626c151141fc545ba8ac8cb0b,evt_6bca21b626c15114,Rory Sabbatini,PGA,68.41,67.67,2,0.04,5.7200,5.7900,7.5900,4.6100
Wyndham Championship Test Market,2020-08-13T13:09:31.971869,estk_6bca21b626c1511456ab6ba90ba02e56,evt_6bca21b626c15114,Joaquin Niemann,PGA,69.43,66.57,2,0.07,5.2200,6.2300,6.8200,4.3100
Wyndham Championship Test Market,2020-08-13T13:19:32.416715,estk_6bca21b626c15114503f60443b3bd112,evt_6bca21b626c15114,Webb Simpson,PGA,79.15,76.61,3,0.07,11.0300,11.6800,12.4400,9.1900
Wyndham Championship Test Market,2020-08-13T13:19:32.416730,estk_6bca21b626c15114e64a0e6fb2b31683,evt_6bca21b626c15114,Rafa Cabrera Bello,PGA,71.6,71.44,7,0.1,7.6500,7.3200,9.3500,5.9400
Wyndham Championship Test Market,2020-08-13T13:19:32.416747,estk_6bca21b626c15114a251d6b9cc0a07e5,evt_6bca21b626c15114,Sungjae Im,PGA,70.86,70.9,5,0.07,7.3500,6.9100,9.3700,6.1400
Wyndham Championship Test Market,2020-08-13T13:19:32.416759,estk_6bca21b626c15114d8f0d69f88d3691a,evt_6bca21b626c15114,Doc Redman,PGA,68.27,68.54,3,0.04,6.2400,5.7600,7.5600,4.6700
Wyndham Championship Test Market,2020-08-13T13:19:32.416774,estk_6bca21b626c1511491386b499e2742a4,evt_6bca21b626c15114,Ryan Moore,PGA,68.9,67.83,1,0.03,5.9200,6.0000,7.8600,4.7300
Wyndham Championship Test Market,2020-08-13T13:19:32.416789,estk_6bca21b626c15114170130e9fa731e23,evt_6bca21b626c15114,Jason Kokrak,PGA,69.7,67.64,7,0.13,5.6100,6.3900,7.1000,4.5700
Wyndham Championship Test Market,2020-08-13T13:19:32.416797,estk_6bca21b626c1511456ab6ba90ba02e56,evt_6bca21b626c15114,Joaquin Niemann,PGA,69.43,66.88,3,0.08,5.3500,6.2300,6.8200,4.3100
Wyndham Championship Test Market,2020-08-13T13:29:32.893053,estk_6bca21b626c1511430ccd165c4aa611d,evt_6bca21b626c15114,Brooks Koepka,PGA,76.15,74.82,4,0.07,9.8000,9.8400,11.4500,8.2400
Wyndham Championship Test Market,2020-08-13T13:29:32.893059,estk_6bca21b626c15114db5881f101cec470,evt_6bca21b626c15114,Justin Rose,PGA,74.58,72.36,3,0.07,8.1700,8.8400,9.7200,6.7300
Wyndham Championship Test Market,2020-08-13T13:29:32.893063,estk_6bca21b626c15114a251d6b9cc0a07e5,evt_6bca21b626c15114,Sungjae Im,PGA,70.86,72.19,7,0.08,8.1600,6.9100,9.3700,6.1400
Wyndham Championship Test Market,2020-08-13T13:29:32.893084,estk_6bca21b626c15114694b41dae4b8654f,evt_6bca21b626c15114,Lucas Glover,PGA,70.44,70.62,3,0.04,7.2000,6.7000,8.6200,5.8200
Wyndham Championship Test Market,2020-08-13T13:29:32.893087,estk_6bca21b626c151142ab98d8a9a770fd5,evt_6bca21b626c15114,Jordan Spieth,PGA,69.68,69.8,5,0.07,6.7300,6.2600,8.3700,5.8100
Wyndham Championship Test Market,2020-08-13T13:29:32.893107,estk_6bca21b626c151141fc545ba8ac8cb0b,evt_6bca21b626c15114,Rory Sabbatini,PGA,68.41,68.31,4,0.06,6.0500,5.7900,7.5900,4.6100
Wyndham Championship Test Market,2020-08-13T13:29:32.893112,estk_6bca21b626c1511491386b499e2742a4,evt_6bca21b626c15114,Ryan Moore,PGA,68.9,68.14,2,0.04,5.9800,6.0000,7.8600,4.7300
Wyndham Championship Test Market,2020-08-13T13:39:33.326735,estk_6bca21b626c15114503f60443b3bd112,evt_6bca21b626c15114,Webb Simpson,PGA,79.15,77.82,5,0.08,11.9500,11.6800,13.4600,10.0800
Wyndham Championship Test Market,2020-08-13T13:39:33.326754,estk_6bca21b626c15114e64a0e6fb2b31683,evt_6bca21b626c15114,Rafa Cabrera Bello,PGA,71.6,71.72,8,0.11,7.8000,7.3200,9.3500,6.1700
Wyndham Championship Test Market,2020-08-13T13:39:33.326769,estk_6bca21b626c15114694b41dae4b8654f,evt_6bca21b626c15114,Lucas Glover,PGA,70.44,70.21,4,0.06,7.0200,6.7000,8.5900,5.8200
Wyndham Championship Test Market,2020-08-13T13:39:33.326789,estk_6bca21b626c15114d8f0d69f88d3691a,evt_6bca21b626c15114,Doc Redman,PGA,68.27,68.17,4,0.06,6.0000,5.7600,7.5600,4.6700
Wyndham Championship Test Market,2020-08-13T13:39:33.326801,estk_6bca21b626c15114170130e9fa731e23,evt_6bca21b626c15114,Jason Kokrak,PGA,69.7,67.94,8,0.14,5.7000,6.3900,7.1000,4.5700
Wyndham Championship Test Market,2020-08-13T13:39:33.326820,estk_6bca21b626c1511456ab6ba90ba02e56,evt_6bca21b626c15114,Joaquin Niemann,PGA,69.43,66.49,4,0.1,5.1000,6.2300,6.8200,3.7900
Wyndham Championship Test Market,2020-08-13T13:49:33.775666,estk_6bca21b626c15114503f60443b3bd112,evt_6bca21b626c15114,Webb Simpson,PGA,79.15,78.24,7,0.1,12.0000,11.6800,13.4600,10.3200
Wyndham Championship Test Market,2020-08-13T13:49:33.775699,estk_6bca21b626c1511430ccd165c4aa611d,evt_6bca21b626c15114,Brooks Koepka,PGA,76.15,76.06,6,0.08,10.4200,9.8400,12.1800,8.8200
Wyndham Championship Test Market,2020-08-13T13:49:33.775704,estk_6bca21b626c15114db5881f101cec470,evt_6bca21b626c15114,Justin Rose,PGA,74.58,73.61,5,0.08,8.8000,8.8400,10.5000,7.2600
Wyndham Championship Test Market,2020-08-13T13:49:33.775709,estk_6bca21b626c15114a251d6b9cc0a07e5,evt_6bca21b626c15114,Sungjae Im,PGA,70.86,71.77,8,0.1,7.7900,6.9100,9.3700,6.5000
Wyndham Championship Test Market,2020-08-13T13:49:33.775728,estk_6bca21b626c15114e64a0e6fb2b31683,evt_6bca21b626c15114,Rafa Cabrera Bello,PGA,71.6,70.29,8,0.13,6.8300,7.3200,8.3900,5.1500
Wyndham Championship Test Market,2020-08-13T13:49:33.775732,estk_6bca21b626c151142ab98d8a9a770fd5,evt_6bca21b626c15114,Jordan Spieth,PGA,69.68,70.11,6,0.08,6.7800,6.2600,8.3700,5.8100
Wyndham Championship Test Market,2020-08-13T13:49:33.775736,estk_6bca21b626c151141fc545ba8ac8cb0b,evt_6bca21b626c15114,Rory Sabbatini,PGA,68.41,69.62,6,0.07,6.6700,5.7900,8.1500,4.8900
Wyndham Championship Test Market,2020-08-13T13:49:33.775741,estk_6bca21b626c1511491386b499e2742a4,evt_6bca21b626c15114,Ryan Moore,PGA,68.9,68.77,4,0.06,6.1800,6.0000,7.8600,4.7300
Wyndham Championship Test Market,2020-08-13T13:49:33.775779,estk_6bca21b626c1511456ab6ba90ba02e56,evt_6bca21b626c15114,Joaquin Niemann,PGA,69.43,66.79,5,0.11,5.0900,6.2300,6.8200,3.7900
Wyndham Championship Test Market,2020-08-13T13:59:34.338417,estk_6bca21b626c15114503f60443b3bd112,evt_6bca21b626c15114,Webb Simpson,PGA,79.15,78.44,8,0.11,12.1100,11.6800,13.4600,10.3300
Wyndham Championship Test Market,2020-08-13T13:59:34.338452,estk_6bca21b626c1511430ccd165c4aa611d,evt_6bca21b626c15114,Brooks Koepka,PGA,76.15,75.54,7,0.1,10.0400,9.8400,12.1800,8.8200
Wyndham Championship Test Market,2020-08-13T13:59:34.338457,estk_6bca21b626c15114db5881f101cec470,evt_6bca21b626c15114,Justin Rose,PGA,74.58,73.12,6,0.1,8.4300,8.8400,10.5000,7.2600
Wyndham Championship Test Market,2020-08-13T13:59:34.338462,estk_6bca21b626c15114a251d6b9cc0a07e5,evt_6bca21b626c15114,Sungjae Im,PGA,70.86,72.07,9,0.11,7.8600,6.9100,9.3700,6.5000
Wyndham Championship Test Market,2020-08-13T13:59:34.338490,estk_6bca21b626c151142ab98d8a9a770fd5,evt_6bca21b626c15114,Jordan Spieth,PGA,69.68,69.71,7,0.1,6.5200,6.2600,8.3700,5.6100
Wyndham Championship Test Market,2020-08-13T13:59:34.338498,estk_6bca21b626c15114170130e9fa731e23,evt_6bca21b626c15114,Jason Kokrak,PGA,69.7,69.25,10,0.15,6.1800,6.3900,7.8600,4.5700
Wyndham Championship Test Market,2020-08-13T13:59:34.338519,estk_6bca21b626c15114d8f0d69f88d3691a,evt_6bca21b626c15114,Doc Redman,PGA,68.27,68.49,5,0.07,5.8900,5.7600,7.5600,4.6700
Wyndham Championship Test Market,2020-08-13T14:09:34.854697,estk_6bca21b626c15114db5881f101cec470,evt_6bca21b626c15114,Justin Rose,PGA,74.58,73.38,7,0.11,8.5500,8.8400,10.1000,7.2600
Wyndham Championship Test Market,2020-08-13T14:09:34.854706,estk_6bca21b626c15114e64a0e6fb2b31683,evt_6bca21b626c15114,Rafa Cabrera Bello,PGA,71.6,71.58,10,0.14,7.5100,7.3200,9.1300,5.7900
Wyndham Championship Test Market,2020-08-13T14:09:34.854723,estk_6bca21b626c15114694b41dae4b8654f,evt_6bca21b626c15114,Lucas Glover,PGA,70.44,70.51,5,0.07,7.0200,6.7000,8.5900,5.8200
Wyndham Championship Test Market,2020-08-13T14:09:34.854727,estk_6bca21b626c151141fc545ba8ac8cb0b,evt_6bca21b626c15114,Rory Sabbatini,PGA,68.41,69.94,7,0.08,6.7400,5.7900,8.1500,5.1100
Wyndham Championship Test Market,2020-08-13T14:09:34.854735,estk_6bca21b626c1511491386b499e2742a4,evt_6bca21b626c15114,Ryan Moore,PGA,68.9,69.08,5,0.07,6.3000,6.0000,7.8600,4.7300
Wyndham Championship Test Market,2020-08-13T14:09:34.854762,estk_6bca21b626c15114170130e9fa731e23,evt_6bca21b626c15114,Jason Kokrak,PGA,69.7,67.85,10,0.17,5.4000,6.3900,7.0500,4.5700
Wyndham Championship Test Market,2020-08-13T14:09:34.854773,estk_6bca21b626c1511456ab6ba90ba02e56,evt_6bca21b626c15114,Joaquin Niemann,PGA,69.43,66.4,6,0.13,4.9100,6.2300,6.8200,3.7900
Wyndham Championship Test Market,2020-08-13T14:19:37.288134,estk_6bca21b626c15114503f60443b3bd112,evt_6bca21b626c15114,Webb Simpson,PGA,79.15,78.86,10,0.13,12.3800,11.6800,13.8500,10.6200
Wyndham Championship Test Market,2020-08-13T14:19:37.288171,estk_6bca21b626c1511430ccd165c4aa611d,evt_6bca21b626c15114,Brooks Koepka,PGA,76.15,75.77,8,0.11,10.1700,9.8400,11.8000,8.8200
Wyndham Championship Test Market,2020-08-13T14:19:37.288185,estk_6bca21b626c15114a251d6b9cc0a07e5,evt_6bca21b626c15114,Sungjae Im,PGA,70.86,71.65,10,0.13,7.5000,6.9100,9.3700,6.5000
Wyndham Championship Test Market,2020-08-13T14:19:37.288193,estk_6bca21b626c15114694b41dae4b8654f,evt_6bca21b626c15114,Lucas Glover,PGA,70.44,70.8,6,0.08,7.2200,6.7000,8.5900,5.8200
Wyndham Championship Test Market,2020-08-13T14:19:37.288213,estk_6bca21b626c151142ab98d8a9a770fd5,evt_6bca21b626c15114,Jordan Spieth,PGA,69.68,69.02,7,0.11,6.1300,6.2600,7.7600,5.2000
Wyndham Championship Test Market,2020-08-13T14:19:37.288225,estk_6bca21b626c15114170130e9fa731e23,evt_6bca21b626c15114,Jason Kokrak,PGA,69.7,69.15,12,0.18,5.9900,6.3900,7.5800,4.4300
Wyndham Championship Test Market,2020-08-13T14:29:37.851482,estk_6bca21b626c15114503f60443b3bd112,evt_6bca21b626c15114,Webb Simpson,PGA,79.15,79.07,11,0.14,12.4300,11.6800,14.1400,10.8600
Wyndham Championship Test Market,2020-08-13T14:29:37.851518,estk_6bca21b626c1511430ccd165c4aa611d,evt_6bca21b626c15114,Brooks Koepka,PGA,76.15,75.25,9,0.13,9.7800,9.8400,11.4000,8.7600
Wyndham Championship Test Market,2020-08-13T14:29:37.851523,estk_6bca21b626c15114db5881f101cec470,evt_6bca21b626c15114,Justin Rose,PGA,74.58,72.88,8,0.13,8.2000,8.8400,9.8500,7.2600
Wyndham Championship Test Market,2020-08-13T14:29:37.851527,estk_6bca21b626c15114e64a0e6fb2b31683,evt_6bca21b626c15114,Rafa Cabrera Bello,PGA,71.6,71.86,11,0.15,7.5300,7.3200,9.1300,5.9900
Wyndham Championship Test Market,2020-08-13T14:29:37.851546,estk_6bca21b626c15114694b41dae4b8654f,evt_6bca21b626c15114,Lucas Glover,PGA,70.44,70.4,7,0.1,6.8800,6.7000,8.4300,5.8200
Wyndham Championship Test Market,2020-08-13T14:29:37.851550,estk_6bca21b626c151141fc545ba8ac8cb0b,evt_6bca21b626c15114,Rory Sabbatini,PGA,68.41,70.57,9,0.1,6.8200,5.7900,8.6300,5.3700
Wyndham Championship Test Market,2020-08-13T14:29:37.851555,estk_6bca21b626c15114d8f0d69f88d3691a,evt_6bca21b626c15114,Doc Redman,PGA,68.27,70.44,9,0.1,6.8100,5.7600,8.4500,5.1900
Wyndham Championship Test Market,2020-08-13T14:29:37.851578,estk_6bca21b626c151142ab98d8a9a770fd5,evt_6bca21b626c15114,Jordan Spieth,PGA,69.68,68.62,8,0.13,5.8600,6.2600,7.7600,4.8900
Wyndham Championship Test Market,2020-08-13T14:29:37.851585,estk_6bca21b626c1511456ab6ba90ba02e56,evt_6bca21b626c15114,Joaquin Niemann,PGA,69.43,67.71,8,0.14,5.4700,6.2300,6.8200,3.8300
Wyndham Championship Test Market,2020-08-13T14:39:38.768262,estk_6bca21b626c15114a251d6b9cc0a07e5,evt_6bca21b626c15114,Sungjae Im,PGA,70.86,71.94,11,0.14,7.7000,6.9100,9.3700,6.3800
Wyndham Championship Test Market,2020-08-13T14:39:38.768271,estk_6bca21b626c15114e64a0e6fb2b31683,evt_6bca21b626c15114,Rafa Cabrera Bello,PGA,71.6,71.43,12,0.17,7.3400,7.3200,9.1300,5.9900
Wyndham Championship Test Market,2020-08-13T14:39:38.768279,estk_6bca21b626c151141fc545ba8ac8cb0b,evt_6bca21b626c15114,Rory Sabbatini,PGA,68.41,70.88,10,0.11,7.1400,5.7900,8.6300,5.3700
Wyndham Championship Test Market,2020-08-13T14:39:38.768295,estk_6bca21b626c1511491386b499e2742a4,evt_6bca21b626c15114,Ryan Moore,PGA,68.9,69.39,6,0.08,6.3500,6.0000,7.8600,4.7500
Wyndham Championship Test Market,2020-08-13T14:39:38.768334,estk_6bca21b626c1511456ab6ba90ba02e56,evt_6bca21b626c15114,Joaquin Niemann,PGA,69.43,67.02,8,0.15,5.0600,6.2300,6.8200,3.8600
Wyndham Championship Test Market,2020-08-13T14:49:39.201253,estk_6bca21b626c15114503f60443b3bd112,evt_6bca21b626c15114,Webb Simpson,PGA,79.15,80.28,13,0.15,13.3600,11.6800,15.0200,11.5900
Wyndham Championship Test Market,2020-08-13T14:49:39.201286,estk_6bca21b626c1511430ccd165c4aa611d,evt_6bca21b626c15114,Brooks Koepka,PGA,76.15,75.49,10,0.14,9.7300,9.8400,11.4000,8.7600
Wyndham Championship Test Market,2020-08-13T14:49:39.201291,estk_6bca21b626c15114db5881f101cec470,evt_6bca21b626c15114,Justin Rose,PGA,74.58,73.14,9,0.14,8.3100,8.8400,9.8500,7.1400
Wyndham Championship Test Market,2020-08-13T14:49:39.201295,estk_6bca21b626c15114a251d6b9cc0a07e5,evt_6bca21b626c15114,Sungjae Im,PGA,70.86,72.23,12,0.15,7.6700,6.9100,9.3700,6.3800
Wyndham Championship Test Market,2020-08-13T14:49:39.201300,estk_6bca21b626c15114694b41dae4b8654f,evt_6bca21b626c15114,Lucas Glover,PGA,70.44,71.69,9,0.11,7.4500,6.7000,9.1000,5.9700
Wyndham Championship Test Market,2020-08-13T14:49:39.201309,estk_6bca21b626c15114e64a0e6fb2b31683,evt_6bca21b626c15114,Rafa Cabrera Bello,PGA,71.6,71.71,13,0.18,7.2800,7.3200,9.1300,5.9900
Wyndham Championship Test Market,2020-08-13T14:49:39.201320,estk_6bca21b626c15114d8f0d69f88d3691a,evt_6bca21b626c15114,Doc Redman,PGA,68.27,70.76,10,0.11,7.0300,5.7600,8.4500,5.3500
Wyndham Championship Test Market,2020-08-13T14:49:39.201325,estk_6bca21b626c15114170130e9fa731e23,evt_6bca21b626c15114,Jason Kokrak,PGA,69.7,70.46,14,0.19,6.6000,6.3900,8.1900,4.9600
Wyndham Championship Test Market,2020-08-13T14:49:39.201328,estk_6bca21b626c151141fc545ba8ac8cb0b,evt_6bca21b626c15114,Rory Sabbatini,PGA,68.41,69.52,10,0.13,6.2400,5.7900,7.7300,5.1800
Wyndham Championship Test Market,2020-08-13T14:49:39.201341,estk_6bca21b626c1511491386b499e2742a4,evt_6bca21b626c15114,Ryan Moore,PGA,68.9,69.01,7,0.1,6.0100,6.0000,7.8600,4.7500
Wyndham Championship Test Market,2020-08-13T14:49:39.201344,estk_6bca21b626c151142ab98d8a9a770fd5,evt_6bca21b626c15114,Jordan Spieth,PGA,69.68,68.92,9,0.14,5.8600,6.2600,7.7600,4.8900
Wyndham Championship Test Market,2020-08-13T14:49:39.201366,estk_6bca21b626c1511456ab6ba90ba02e56,evt_6bca21b626c15114,Joaquin Niemann,PGA,69.43,66.63,9,0.17,4.6500,6.2300,6.8200,3.7900
Wyndham Championship Test Market,2020-08-13T14:59:39.797172,estk_6bca21b626c15114503f60443b3bd112,evt_6bca21b626c15114,Webb Simpson,PGA,79.15,80.69,15,0.17,13.6500,11.6800,15.0200,11.5900
Wyndham Championship Test Market,2020-08-13T14:59:39.797217,estk_6bca21b626c15114a251d6b9cc0a07e5,evt_6bca21b626c15114,Sungjae Im,PGA,70.86,72.81,14,0.17,8.0700,6.9100,9.3700,6.3800
Wyndham Championship Test Market,2020-08-13T14:59:39.797229,estk_6bca21b626c15114694b41dae4b8654f,evt_6bca21b626c15114,Lucas Glover,PGA,70.44,71.28,10,0.13,7.1300,6.7000,8.7600,5.9700
Wyndham Championship Test Market,2020-08-13T14:59:39.797241,estk_6bca21b626c15114d8f0d69f88d3691a,evt_6bca21b626c15114,Doc Redman,PGA,68.27,70.39,11,0.13,6.6800,5.7600,8.4500,5.3900
Wyndham Championship Test Market,2020-08-13T14:59:39.797246,estk_6bca21b626c15114170130e9fa731e23,evt_6bca21b626c15114,Jason Kokrak,PGA,69.7,70.06,15,0.21,6.4000,6.3900,8.1900,4.9700
Wyndham Championship Test Market,2020-08-13T14:59:39.797254,estk_6bca21b626c1511491386b499e2742a4,evt_6bca21b626c15114,Ryan Moore,PGA,68.9,69.32,8,0.11,6.1400,6.0000,7.8600,4.7500
Wyndham Championship Test Market,2020-08-13T14:59:39.797258,estk_6bca21b626c151142ab98d8a9a770fd5,evt_6bca21b626c15114,Jordan Spieth,PGA,69.68,69.23,10,0.15,6.0300,6.2600,7.7600,4.8900
Wyndham Championship Test Market,2020-08-13T15:09:40.286678,estk_6bca21b626c1511430ccd165c4aa611d,evt_6bca21b626c15114,Brooks Koepka,PGA,76.15,74.73,10,0.15,9.3500,9.8400,11.0100,8.3700
Wyndham Championship Test Market,2020-08-13T15:09:40.286687,estk_6bca21b626c15114db5881f101cec470,evt_6bca21b626c15114,Justin Rose,PGA,74.58,72.39,9,0.15,7.9100,8.8400,9.5000,6.7300
Wyndham Championship Test Market,2020-08-13T15:09:40.286737,estk_6bca21b626c151142ab98d8a9a770fd5,evt_6bca21b626c15114,Jordan Spieth,PGA,69.68,68.83,11,0.17,5.8300,6.2600,7.7600,4.8900
Wyndham Championship Test Market,2020-08-13T15:09:40.286756,estk_6bca21b626c1511456ab6ba90ba02e56,evt_6bca21b626c15114,Joaquin Niemann,PGA,69.43,66.93,10,0.18,4.9100,6.2300,6.2400,3.7900
Wyndham Championship Test Market,2020-08-13T15:19:40.860076,estk_6bca21b626c15114503f60443b3bd112,evt_6bca21b626c15114,Webb Simpson,PGA,79.15,80.9,16,0.18,13.9700,11.6800,15.4800,12.2900
Wyndham Championship Test Market,2020-08-13T15:19:40.860112,estk_6bca21b626c1511430ccd165c4aa611d,evt_6bca21b626c15114,Brooks Koepka,PGA,76.15,73.2,10,0.17,8.3900,9.8400,10.0100,6.7300
Wyndham Championship Test Market,2020-08-13T15:19:40.860117,estk_6bca21b626c15114a251d6b9cc0a07e5,evt_6bca21b626c15114,Sungjae Im,PGA,70.86,73.11,15,0.18,8.2200,6.9100,9.4300,6.5700
Wyndham Championship Test Market,2020-08-13T15:19:40.860121,estk_6bca21b626c15114e64a0e6fb2b31683,evt_6bca21b626c15114,Rafa Cabrera Bello,PGA,71.6,73,15,0.19,8.1300,7.3200,9.7800,6.5100
Wyndham Championship Test Market,2020-08-13T15:19:40.860125,estk_6bca21b626c15114db5881f101cec470,evt_6bca21b626c15114,Justin Rose,PGA,74.58,71.9,10,0.17,7.5100,8.8400,9.2400,6.6500
Wyndham Championship Test Market,2020-08-13T15:19:40.860142,estk_6bca21b626c15114170130e9fa731e23,evt_6bca21b626c15114,Jason Kokrak,PGA,69.7,71.37,17,0.22,7.0900,6.3900,8.7800,5.5100
Wyndham Championship Test Market,2020-08-13T15:19:40.860146,estk_6bca21b626c15114d8f0d69f88d3691a,evt_6bca21b626c15114,Doc Redman,PGA,68.27,70.71,12,0.14,6.9900,5.7600,8.4500,5.3900
Wyndham Championship Test Market,2020-08-13T15:19:40.860150,estk_6bca21b626c15114694b41dae4b8654f,evt_6bca21b626c15114,Lucas Glover,PGA,70.44,70.58,10,0.14,6.8600,6.7000,8.5300,5.9700
Wyndham Championship Test Market,2020-08-13T15:19:40.860154,estk_6bca21b626c151141fc545ba8ac8cb0b,evt_6bca21b626c15114,Rory Sabbatini,PGA,68.41,69.83,11,0.14,6.3600,5.7900,7.7300,5.1800
Wyndham Championship Test Market,2020-08-13T15:19:40.860185,estk_6bca21b626c1511491386b499e2742a4,evt_6bca21b626c15114,Ryan Moore,PGA,68.9,66.94,7,0.13,5.1400,6.0000,6.7100,4.2400
Wyndham Championship Test Market,2020-08-13T15:29:41.440219,estk_6bca21b626c1511430ccd165c4aa611d,evt_6bca21b626c15114,Brooks Koepka,PGA,76.15,73.44,11,0.18,8.5600,9.8400,10.0100,6.7600
Wyndham Championship Test Market,2020-08-13T15:29:41.440229,estk_6bca21b626c15114e64a0e6fb2b31683,evt_6bca21b626c15114,Rafa Cabrera Bello,PGA,71.6,72.56,16,0.21,7.7400,7.3200,9.7800,6.5900
Wyndham Championship Test Market,2020-08-13T15:29:41.440246,estk_6bca21b626c15114db5881f101cec470,evt_6bca21b626c15114,Justin Rose,PGA,74.58,71.16,10,0.18,7.0300,8.8400,8.7700,6.2200
Wyndham Championship Test Market,2020-08-13T15:29:41.440259,estk_6bca21b626c15114170130e9fa731e23,evt_6bca21b626c15114,Jason Kokrak,PGA,69.7,70.97,18,0.24,6.7600,6.3900,8.7800,5.5100
Wyndham Championship Test Market,2020-08-13T15:29:41.440263,estk_6bca21b626c151141fc545ba8ac8cb0b,evt_6bca21b626c15114,Rory Sabbatini,PGA,68.41,70.15,12,0.15,6.6100,5.7900,7.8600,5.1800
Wyndham Championship Test Market,2020-08-13T15:29:41.440275,estk_6bca21b626c151142ab98d8a9a770fd5,evt_6bca21b626c15114,Jordan Spieth,PGA,69.68,69.14,12,0.18,5.9700,6.2600,7.7600,4.8900
Wyndham Championship Test Market,2020-08-13T15:29:41.440283,estk_6bca21b626c1511491386b499e2742a4,evt_6bca21b626c15114,Ryan Moore,PGA,68.9,68.25,9,0.14,5.6100,6.0000,7.1200,4.1600
Wyndham Championship Test Market,2020-08-13T15:29:41.440291,estk_6bca21b626c1511456ab6ba90ba02e56,evt_6bca21b626c15114,Joaquin Niemann,PGA,69.43,68.24,12,0.19,5.4000,6.2300,7.0700,3.7900
Wyndham Championship Test Market,2020-08-13T15:39:42.005665,estk_6bca21b626c15114503f60443b3bd112,evt_6bca21b626c15114,Webb Simpson,PGA,79.15,82.11,18,0.19,14.8400,11.6800,16.6500,13.0700
Wyndham Championship Test Market,2020-08-13T15:39:42.005702,estk_6bca21b626c15114e64a0e6fb2b31683,evt_6bca21b626c15114,Rafa Cabrera Bello,PGA,71.6,73.85,18,0.22,8.5300,7.3200,10.2000,6.9600
Wyndham Championship Test Market,2020-08-13T15:39:42.005712,estk_6bca21b626c15114a251d6b9cc0a07e5,evt_6bca21b626c15114,Sungjae Im,PGA,70.86,73.4,16,0.19,8.2900,6.9100,9.8800,6.6300
Wyndham Championship Test Market,2020-08-13T15:39:42.005732,estk_6bca21b626c15114d8f0d69f88d3691a,evt_6bca21b626c15114,Doc Redman,PGA,68.27,71.03,13,0.15,7.0300,5.7600,8.4500,5.3900
Wyndham Championship Test Market,2020-08-13T15:39:42.005737,estk_6bca21b626c15114694b41dae4b8654f,evt_6bca21b626c15114,Lucas Glover,PGA,70.44,70.87,11,0.15,7.0000,6.7000,8.5300,5.8200
Wyndham Championship Test Market,2020-08-13T15:39:42.005761,estk_6bca21b626c151141fc545ba8ac8cb0b,evt_6bca21b626c15114,Rory Sabbatini,PGA,68.41,68.78,12,0.17,5.7000,5.7900,7.3500,4.8200
Wyndham Championship Test Market,2020-08-13T15:49:42.879854,estk_6bca21b626c1511430ccd165c4aa611d,evt_6bca21b626c15114,Brooks Koepka,PGA,76.15,73.68,12,0.19,8.4000,9.8400,10.0100,6.8100
Wyndham Championship Test Market,2020-08-13T15:49:42.879863,estk_6bca21b626c15114db5881f101cec470,evt_6bca21b626c15114,Justin Rose,PGA,74.58,72.41,12,0.19,7.7000,8.8400,9.2800,6.0200
Wyndham Championship Test Market,2020-08-13T15:49:42.879880,estk_6bca21b626c15114170130e9fa731e23,evt_6bca21b626c15114,Jason Kokrak,PGA,69.7,71.28,19,0.25,6.8200,6.3900,8.7800,5.5100
Wyndham Championship Test Market,2020-08-13T15:49:42.879884,estk_6bca21b626c15114d8f0d69f88d3691a,evt_6bca21b626c15114,Doc Redman,PGA,68.27,70.66,14,0.17,6.7200,5.7600,8.4500,5.4000
Wyndham Championship Test Market,2020-08-13T15:49:42.879888,estk_6bca21b626c15114694b41dae4b8654f,evt_6bca21b626c15114,Lucas Glover,PGA,70.44,70.47,12,0.17,6.5900,6.7000,8.1700,5.6500
Wyndham Championship Test Market,2020-08-13T15:49:42.879892,estk_6bca21b626c151142ab98d8a9a770fd5,evt_6bca21b626c15114,Jordan Spieth,PGA,69.68,70.44,14,0.19,6.5900,7.7600,7.7600,4.8900
Wyndham Championship Test Market,2020-08-13T15:49:42.879911,estk_6bca21b626c1511491386b499e2742a4,evt_6bca21b626c15114,Ryan Moore,PGA,68.9,68.56,10,0.15,5.6300,6.0000,7.1200,4.1600
Wyndham Championship Test Market,2020-08-13T15:49:42.879927,estk_6bca21b626c1511456ab6ba90ba02e56,evt_6bca21b626c15114,Joaquin Niemann,PGA,69.43,67.85,13,0.21,5.1800,6.2300,7.0700,3.8500
Wyndham Championship Test Market,2020-08-13T15:59:43.395084,estk_6bca21b626c15114503f60443b3bd112,evt_6bca21b626c15114,Webb Simpson,PGA,79.15,81.53,19,0.21,14.4800,11.6800,16.1400,13.0700
Wyndham Championship Test Market,2020-08-13T15:59:43.395119,estk_6bca21b626c15114e64a0e6fb2b31683,evt_6bca21b626c15114,Rafa Cabrera Bello,PGA,71.6,74.42,20,0.24,8.9300,7.3200,10.2000,7.0800
Wyndham Championship Test Market,2020-08-13T15:59:43.395129,estk_6bca21b626c15114a251d6b9cc0a07e5,evt_6bca21b626c15114,Sungjae Im,PGA,70.86,72.98,17,0.21,7.9000,6.9100,9.8800,6.6900
Wyndham Championship Test Market,2020-08-13T15:59:43.395172,estk_6bca21b626c1511456ab6ba90ba02e56,evt_6bca21b626c15114,Joaquin Niemann,PGA,69.43,69.16,15,0.22,5.7500,6.2300,7.0700,3.8500
Wyndham Championship Test Market,2020-08-13T15:59:43.395176,estk_6bca21b626c151141fc545ba8ac8cb0b,evt_6bca21b626c15114,Rory Sabbatini,PGA,68.41,69.1,13,0.18,5.7500,5.7900,7.3500,4.7300
Wyndham Championship Test Market,2020-08-13T15:59:43.395188,estk_6bca21b626c1511491386b499e2742a4,evt_6bca21b626c15114,Ryan Moore,PGA,68.9,68.19,11,0.17,5.3400,6.0000,7.1200,4.1600
Wyndham Championship Test Market,2020-08-13T16:09:43.786705,estk_6bca21b626c15114503f60443b3bd112,evt_6bca21b626c15114,Webb Simpson,PGA,79.15,81.74,20,0.22,14.6500,11.6800,16.1400,13.0700
Wyndham Championship Test Market,2020-08-13T16:09:43.786757,estk_6bca21b626c1511430ccd165c4aa611d,evt_6bca21b626c15114,Brooks Koepka,PGA,76.15,73.16,13,0.21,8.1700,9.8400,10.0100,6.8400
Wyndham Championship Test Market,2020-08-13T16:09:43.786762,estk_6bca21b626c15114a251d6b9cc0a07e5,evt_6bca21b626c15114,Sungjae Im,PGA,70.86,72.27,17,0.22,7.4800,6.9100,9.1800,6.6200
Wyndham Championship Test Market,2020-08-13T16:09:43.786766,estk_6bca21b626c15114d8f0d69f88d3691a,evt_6bca21b626c15114,Doc Redman,PGA,68.27,71.98,16,0.18,7.4300,5.7600,9.0500,5.4000
Wyndham Championship Test Market,2020-08-13T16:09:43.786775,estk_6bca21b626c15114694b41dae4b8654f,evt_6bca21b626c15114,Lucas Glover,PGA,70.44,71.76,14,0.18,7.3000,6.7000,8.5300,5.7300
Wyndham Championship Test Market,2020-08-13T16:09:43.786792,estk_6bca21b626c15114db5881f101cec470,evt_6bca21b626c15114,Justin Rose,PGA,74.58,70.92,12,0.21,6.7900,8.8400,8.3000,5.3700
Wyndham Championship Test Market,2020-08-13T16:09:43.786796,estk_6bca21b626c151142ab98d8a9a770fd5,evt_6bca21b626c15114,Jordan Spieth,PGA,69.68,70.05,15,0.21,6.3200,7.7600,7.7600,4.8900
Wyndham Championship Test Market,2020-08-13T16:09:43.786816,estk_6bca21b626c1511456ab6ba90ba02e56,evt_6bca21b626c15114,Joaquin Niemann,PGA,69.43,68.77,16,0.24,5.5500,6.2300,7.0700,3.8500
Wyndham Championship Test Market,2020-08-13T16:19:44.391759,estk_6bca21b626c15114e64a0e6fb2b31683,evt_6bca21b626c15114,Rafa Cabrera Bello,PGA,71.6,74.7,21,0.25,9.1400,7.3200,10.3000,7.1700
Wyndham Championship Test Market,2020-08-13T16:19:44.391765,estk_6bca21b626c1511430ccd165c4aa611d,evt_6bca21b626c15114,Brooks Koepka,PGA,76.15,72.4,13,0.22,7.6600,9.8400,9.2400,6.7200
Wyndham Championship Test Market,2020-08-13T16:19:44.391769,estk_6bca21b626c15114d8f0d69f88d3691a,evt_6bca21b626c15114,Doc Redman,PGA,68.27,72.3,17,0.19,7.5900,5.7600,9.0500,5.9100
Wyndham Championship Test Market,2020-08-13T16:19:44.391797,estk_6bca21b626c15114db5881f101cec470,evt_6bca21b626c15114,Justin Rose,PGA,74.58,71.17,13,0.22,6.7800,8.8400,8.3000,5.3700
Wyndham Championship Test Market,2020-08-13T16:19:44.391801,estk_6bca21b626c151142ab98d8a9a770fd5,evt_6bca21b626c15114,Jordan Spieth,PGA,69.68,70.35,16,0.22,6.4400,7.7600,7.7600,4.8900
Wyndham Championship Test Market,2020-08-13T16:19:44.391813,estk_6bca21b626c151141fc545ba8ac8cb0b,evt_6bca21b626c15114,Rory Sabbatini,PGA,68.41,69.41,14,0.19,5.8300,5.7900,7.3500,4.7300
Wyndham Championship Test Market,2020-08-13T16:19:44.391820,estk_6bca21b626c1511491386b499e2742a4,evt_6bca21b626c15114,Ryan Moore,PGA,68.9,68.5,12,0.18,5.5300,6.0000,7.1200,4.1600
Wyndham Championship Test Market,2020-08-13T16:29:44.946970,estk_6bca21b626c15114503f60443b3bd112,evt_6bca21b626c15114,Webb Simpson,PGA,79.15,81.15,21,0.24,14.1100,11.6800,16.1400,13.0500
Wyndham Championship Test Market,2020-08-13T16:29:44.947011,estk_6bca21b626c1511430ccd165c4aa611d,evt_6bca21b626c15114,Brooks Koepka,PGA,76.15,72.87,15,0.24,7.8800,9.8400,9.2400,6.5300
Wyndham Championship Test Market,2020-08-13T16:29:44.947023,estk_6bca21b626c15114a251d6b9cc0a07e5,evt_6bca21b626c15114,Sungjae Im,PGA,70.86,71.85,18,0.24,7.1900,6.9100,9.1800,6.2600
Wyndham Championship Test Market,2020-08-13T16:29:44.947035,estk_6bca21b626c15114694b41dae4b8654f,evt_6bca21b626c15114,Lucas Glover,PGA,70.44,71.06,14,0.19,6.8400,6.7000,8.4900,5.7300
Wyndham Championship Test Market,2020-08-13T16:29:44.947042,estk_6bca21b626c1511491386b499e2742a4,evt_6bca21b626c15114,Ryan Moore,PGA,68.9,70.81,15,0.19,6.7100,6.0000,8.3200,5.0900
Wyndham Championship Test Market,2020-08-13T16:29:44.947046,estk_6bca21b626c15114db5881f101cec470,evt_6bca21b626c15114,Justin Rose,PGA,74.58,70.68,14,0.24,6.5100,8.8400,8.3000,5.3700
Wyndham Championship Test Market,2020-08-13T16:29:44.947055,estk_6bca21b626c1511456ab6ba90ba02e56,evt_6bca21b626c15114,Joaquin Niemann,PGA,69.43,70.07,18,0.25,6.1400,6.2300,7.7400,4.5000
Wyndham Championship Test Market,2020-08-13T16:39:45.547497,estk_6bca21b626c15114503f60443b3bd112,evt_6bca21b626c15114,Webb Simpson,PGA,79.15,81.36,22,0.25,14.4200,11.6800,16.1400,12.8600
Wyndham Championship Test Market,2020-08-13T16:39:45.547546,estk_6bca21b626c15114a251d6b9cc0a07e5,evt_6bca21b626c15114,Sungjae Im,PGA,70.86,72.14,19,0.25,7.2900,6.9100,9.1800,6.2600
Wyndham Championship Test Market,2020-08-13T16:39:45.547550,estk_6bca21b626c15114d8f0d69f88d3691a,evt_6bca21b626c15114,Doc Redman,PGA,68.27,71.93,18,0.21,7.2800,5.7600,9.0500,6.0100
Wyndham Championship Test Market,2020-08-13T16:39:45.547578,estk_6bca21b626c151142ab98d8a9a770fd5,evt_6bca21b626c15114,Jordan Spieth,PGA,69.68,69.96,17,0.24,6.1600,7.7600,7.7600,4.8900
Wyndham Championship Test Market,2020-08-13T16:49:46.029306,estk_6bca21b626c1511430ccd165c4aa611d,evt_6bca21b626c15114,Brooks Koepka,PGA,76.15,73.11,16,0.25,7.8900,9.8400,9.2400,6.5300
Wyndham Championship Test Market,2020-08-13T16:49:46.029323,estk_6bca21b626c1511491386b499e2742a4,evt_6bca21b626c15114,Ryan Moore,PGA,68.9,71.43,17,0.21,7.0000,6.0000,8.3200,5.0900
Wyndham Championship Test Market,2020-08-13T16:49:46.029343,estk_6bca21b626c15114db5881f101cec470,evt_6bca21b626c15114,Justin Rose,PGA,74.58,70.94,15,0.25,6.6200,8.8400,8.3000,5.3700
Wyndham Championship Test Market,2020-08-13T16:49:46.029347,estk_6bca21b626c151141fc545ba8ac8cb0b,evt_6bca21b626c15114,Rory Sabbatini,PGA,68.41,70.04,16,0.21,6.1800,5.7900,7.3500,4.7300
Wyndham Championship Test Market,2020-08-13T16:49:46.029359,estk_6bca21b626c151142ab98d8a9a770fd5,evt_6bca21b626c15114,Jordan Spieth,PGA,69.68,70.26,18,0.25,6.1200,7.7600,7.7600,4.8900
Wyndham Championship Test Market,2020-08-13T16:59:46.557312,estk_6bca21b626c15114d8f0d69f88d3691a,evt_6bca21b626c15114,Doc Redman,PGA,68.27,72.25,19,0.22,7.3800,5.7600,9.0500,6.0100
Wyndham Championship Test Market,2020-08-13T16:59:46.557344,estk_6bca21b626c15114694b41dae4b8654f,evt_6bca21b626c15114,Lucas Glover,PGA,70.44,70.65,15,0.21,6.4800,6.7000,8.0900,5.5800
Wyndham Championship Test Market,2020-08-13T16:59:46.557349,estk_6bca21b626c151141fc545ba8ac8cb0b,evt_6bca21b626c15114,Rory Sabbatini,PGA,68.41,70.36,17,0.22,6.3500,5.7900,7.8500,4.7300
Wyndham Championship Test Market,2020-08-13T16:59:46.557365,estk_6bca21b626c151141ca8635140548cc5,evt_6bca21b626c15114,Harris English,PGA,67.04,68.37,2,0.01,5.8200,6.9800,6.9800,4.0100
Wyndham Championship Test Market,2020-08-13T17:09:47.089081,estk_6bca21b626c151146cf2ca706ee5c6ba,evt_6bca21b626c15114,Zach Johnson,PGA,70.96,71.25,1,0.01,7.3300,6.9800,8.9600,6.0300
Wyndham Championship Test Market,2020-08-13T17:09:47.089094,estk_6bca21b626c15114694b41dae4b8654f,evt_6bca21b626c15114,Lucas Glover,PGA,70.44,71.94,17,0.22,7.0900,6.7000,8.4400,5.6200
Wyndham Championship Test Market,2020-08-13T17:09:47.089100,estk_6bca21b626c1511491386b499e2742a4,evt_6bca21b626c15114,Ryan Moore,PGA,68.9,71.74,18,0.22,7.0400,6.0000,8.3200,5.0900
Wyndham Championship Test Market,2020-08-13T17:09:47.089105,estk_6bca21b626c15114d8f0d69f88d3691a,evt_6bca21b626c15114,Doc Redman,PGA,68.27,71.89,20,0.24,7.0400,5.7600,9.0500,6.0100
Wyndham Championship Test Market,2020-08-13T17:09:47.089124,estk_6bca21b626c151141fc545ba8ac8cb0b,evt_6bca21b626c15114,Rory Sabbatini,PGA,68.41,70.99,19,0.24,6.5500,5.7900,7.8500,4.7300
Wyndham Championship Test Market,2020-08-13T17:09:47.089134,estk_6bca21b626c151144e5af02280177635,evt_6bca21b626c15114,Si Woo Kim,PGA,68.37,69.69,2,0.01,6.3900,5.7700,7.6500,4.6800
Wyndham Championship Test Market,2020-08-13T17:19:47.631444,estk_6bca21b626c1511491386b499e2742a4,evt_6bca21b626c15114,Ryan Moore,PGA,68.9,71.36,19,0.24,6.7500,6.0000,8.3200,5.0900
Wyndham Championship Test Market,2020-08-13T17:19:47.631469,estk_6bca21b626c151141ca8635140548cc5,evt_6bca21b626c15114,Harris English,PGA,67.04,69.03,4,0.03,5.9900,6.9800,7.6100,4.1900
Wyndham Championship Test Market,2020-08-13T17:19:47.631477,estk_6bca21b626c15114727afcd55bf28e15,evt_6bca21b626c15114,Brandt Snedeker,PGA,68.02,68.34,1,0.01,5.7500,5.6000,7.4200,4.5800
Wyndham Championship Test Market,2020-08-13T17:29:48.235217,estk_6bca21b626c1511403fcb99bd098267b,evt_6bca21b626c15114,Patrick Reed,PGA,78.09,78.31,1,0.01,11.8000,10.9700,13.7100,10.3500
Wyndham Championship Test Market,2020-08-13T17:29:48.235238,estk_6bca21b626c15114d8f0d69f88d3691a,evt_6bca21b626c15114,Doc Redman,PGA,68.27,72.2,21,0.25,7.3000,5.7600,9.0500,6.0100
Wyndham Championship Test Market,2020-08-13T17:29:48.235242,estk_6bca21b626c15114dda748b4200f22bf,evt_6bca21b626c15114,Paul Casey,PGA,70.47,70.77,1,0.01,7.0300,8.5500,8.5500,5.7200
Wyndham Championship Test Market,2020-08-13T17:29:48.235247,estk_6bca21b626c15114694b41dae4b8654f,evt_6bca21b626c15114,Lucas Glover,PGA,70.44,71.53,18,0.24,6.9500,6.7000,8.4400,5.6200
Wyndham Championship Test Market,2020-08-13T17:29:48.235255,estk_6bca21b626c151141ca8635140548cc5,evt_6bca21b626c15114,Harris English,PGA,67.04,70.36,6,0.04,6.7900,6.9800,8.4300,5.1700
Wyndham Championship Test Market,2020-08-13T17:29:48.235264,estk_6bca21b626c151141fc545ba8ac8cb0b,evt_6bca21b626c15114,Rory Sabbatini,PGA,68.41,71.31,20,0.25,6.7400,5.7900,7.9300,5.1100
Wyndham Championship Test Market,2020-08-13T17:29:48.235271,estk_6bca21b626c151146cf2ca706ee5c6ba,evt_6bca21b626c15114,Zach Johnson,PGA,70.96,69.83,1,0.03,6.5100,6.9800,8.0400,5.6000
Wyndham Championship Test Market,2020-08-13T17:29:48.235291,estk_6bca21b626c151144e5af02280177635,evt_6bca21b626c15114,Si Woo Kim,PGA,68.37,68.32,2,0.03,5.7700,5.7700,7.3900,4.6800
Wyndham Championship Test Market,2020-08-13T17:39:48.738493,estk_6bca21b626c1511491386b499e2742a4,evt_6bca21b626c15114,Ryan Moore,PGA,68.9,72.68,21,0.25,7.6200,6.0000,9.2700,5.9700
Wyndham Championship Test Market,2020-08-13T17:39:48.738507,estk_6bca21b626c151146cf2ca706ee5c6ba,evt_6bca21b626c15114,Zach Johnson,PGA,70.96,71.12,3,0.04,7.1300,6.9800,8.7700,5.4900
Wyndham Championship Test Market,2020-08-13T17:39:48.738511,estk_6bca21b626c15114694b41dae4b8654f,evt_6bca21b626c15114,Lucas Glover,PGA,70.44,71.83,19,0.25,7.0700,6.7000,8.4400,5.6200
Wyndham Championship Test Market,2020-08-13T17:39:48.738532,estk_6bca21b626c151141ca8635140548cc5,evt_6bca21b626c15114,Harris English,PGA,67.04,70.02,7,0.06,6.5200,6.9800,8.4300,5.1700
Wyndham Championship Test Market,2020-08-13T17:39:48.738548,estk_6bca21b626c151144e5af02280177635,evt_6bca21b626c15114,Si Woo Kim,PGA,68.37,68.64,3,0.04,5.8000,5.7700,7.3900,4.6800
Wyndham Championship Test Market,2020-08-13T17:39:48.738552,estk_6bca21b626c151144c6653517cec92a3,evt_6bca21b626c15114,Russell Knox,PGA,68.26,67.58,0,0.01,5.3800,5.7600,6.9900,4.5100
Wyndham Championship Test Market,2020-08-13T17:39:48.738556,estk_6bca21b626c15114727afcd55bf28e15,evt_6bca21b626c15114,Brandt Snedeker,PGA,68.02,66.98,1,0.03,5.1000,5.6000,6.7000,4.2200
Wyndham Championship Test Market,2020-08-13T17:39:48.738569,estk_6bca21b626c1511499495eb9a3c8aa25,evt_6bca21b626c15114,Kevin Kisner,PGA,66.1,66.44,1,0.01,4.8400,4.8400,6.5800,3.7100
Wyndham Championship Test Market,2020-08-13T17:49:49.326614,estk_6bca21b626c1511403fcb99bd098267b,evt_6bca21b626c15114,Patrick Reed,PGA,78.09,77.75,2,0.03,12.2300,10.9700,13.1300,10.4900
Wyndham Championship Test Market,2020-08-13T17:49:49.326661,estk_6bca21b626c15114dda748b4200f22bf,evt_6bca21b626c15114,Paul Casey,PGA,70.47,70.36,2,0.03,6.5500,8.5500,8.5500,5.7200
Wyndham Championship Test Market,2020-08-13T17:49:49.326688,estk_6bca21b626c15114938149290ef83c69,evt_6bca21b626c15114,Cameron Percy,PGA,66.88,67.21,1,0.01,4.9200,5.1800,6.9000,3.9700
Wyndham Championship Test Market,2020-08-13T17:49:49.326692,estk_6bca21b626c15114727afcd55bf28e15,evt_6bca21b626c15114,Brandt Snedeker,PGA,68.02,67.3,2,0.04,4.9100,5.6000,6.7000,4.1600
Wyndham Championship Test Market,2020-08-13T17:59:49.931532,estk_6bca21b626c1511403fcb99bd098267b,evt_6bca21b626c15114,Patrick Reed,PGA,78.09,77.97,3,0.04,13.7800,10.9700,15.2600,11.8800
Wyndham Championship Test Market,2020-08-13T17:59:49.931568,estk_6bca21b626c151146cf2ca706ee5c6ba,evt_6bca21b626c15114,Zach Johnson,PGA,70.96,70.7,4,0.06,6.7100,6.9800,8.2200,5.4900
Wyndham Championship Test Market,2020-08-13T17:59:49.931576,estk_6bca21b626c15114dda748b4200f22bf,evt_6bca21b626c15114,Paul Casey,PGA,70.47,70.65,3,0.04,6.6000,8.5500,8.0100,5.4900
Wyndham Championship Test Market,2020-08-13T17:59:49.931600,estk_6bca21b626c151144e5af02280177635,evt_6bca21b626c15114,Si Woo Kim,PGA,68.37,68.27,4,0.06,4.9100,5.7700,6.7900,3.9300
Wyndham Championship Test Market,2020-08-13T17:59:49.931604,estk_6bca21b626c151144c6653517cec92a3,evt_6bca21b626c15114,Russell Knox,PGA,68.26,68.21,2,0.03,4.9000,5.7600,6.1800,3.4100
Wyndham Championship Test Market,2020-08-13T17:59:49.931612,estk_6bca21b626c15114727afcd55bf28e15,evt_6bca21b626c15114,Brandt Snedeker,PGA,68.02,66.94,3,0.06,4.1300,5.6000,5.9200,2.8100
Wyndham Championship Test Market,2020-08-13T17:59:49.931616,estk_6bca21b626c1511499495eb9a3c8aa25,evt_6bca21b626c15114,Kevin Kisner,PGA,66.1,66.12,2,0.03,3.7200,4.8400,5.4900,2.4200
Wyndham Championship Test Market,2020-08-13T17:59:49.931619,estk_6bca21b626c15114938149290ef83c69,evt_6bca21b626c15114,Cameron Percy,PGA,66.88,65.87,1,0.03,3.6800,5.1800,5.2000,2.8200
Wyndham Championship Test Market,2020-08-13T18:09:50.458841,estk_6bca21b626c151141ca8635140548cc5,evt_6bca21b626c15114,Harris English,PGA,67.04,70.35,8,0.07,6.3500,6.9800,7.6400,4.8900
Wyndham Championship Test Market,2020-08-13T18:09:50.458859,estk_6bca21b626c151144c6653517cec92a3,evt_6bca21b626c15114,Russell Knox,PGA,68.26,68.53,3,0.04,5.1000,5.7600,6.1900,3.4100
Wyndham Championship Test Market,2020-08-13T18:09:50.458866,estk_6bca21b626c15114e71bc53e996275e5,evt_6bca21b626c15114,Brian Gay,PGA,66.9,67.23,1,0.01,4.3900,5.1700,5.8000,3.1200
Wyndham Championship Test Market,2020-08-13T18:09:50.458871,estk_6bca21b626c15114938149290ef83c69,evt_6bca21b626c15114,Cameron Percy,PGA,66.88,67.2,3,0.04,4.3100,5.1800,5.8200,2.1100
Wyndham Championship Test Market,2020-08-13T18:09:50.458879,estk_6bca21b626c1511499495eb9a3c8aa25,evt_6bca21b626c15114,Kevin Kisner,PGA,66.1,66.46,3,0.04,3.9100,4.8400,5.4900,2.4200
Wyndham Championship Test Market,2020-08-13T18:19:50.910605,estk_6bca21b626c1511403fcb99bd098267b,evt_6bca21b626c15114,Patrick Reed,PGA,78.09,78.4,5,0.06,13.9500,10.9700,15.2600,12.2700
Wyndham Championship Test Market,2020-08-13T18:19:50.910641,estk_6bca21b626c151146cf2ca706ee5c6ba,evt_6bca21b626c15114,Zach Johnson,PGA,70.96,70.99,5,0.07,6.6900,6.9800,8.2200,5.4900
Wyndham Championship Test Market,2020-08-13T18:19:50.910649,estk_6bca21b626c151141ca8635140548cc5,evt_6bca21b626c15114,Harris English,PGA,67.04,70.68,9,0.08,6.4900,6.9800,7.6400,4.8900
Wyndham Championship Test Market,2020-08-13T18:19:50.910665,estk_6bca21b626c15114dda748b4200f22bf,evt_6bca21b626c15114,Paul Casey,PGA,70.47,70.24,4,0.06,6.1200,8.5500,8.0100,5.2000
Wyndham Championship Test Market,2020-08-13T18:19:50.910677,estk_6bca21b626c151144e5af02280177635,evt_6bca21b626c15114,Si Woo Kim,PGA,68.37,69.58,6,0.07,5.6100,5.7700,6.7900,4.0500
Wyndham Championship Test Market,2020-08-13T18:19:50.910681,estk_6bca21b626c15114727afcd55bf28e15,evt_6bca21b626c15114,Brandt Snedeker,PGA,68.02,68.26,5,0.07,4.8800,5.6000,5.9900,3.2800
Wyndham Championship Test Market,2020-08-13T18:19:50.910685,estk_6bca21b626c151144c6653517cec92a3,evt_6bca21b626c15114,Russell Knox,PGA,68.26,68.16,4,0.06,4.7400,5.7600,6.6800,3.4100
Wyndham Championship Test Market,2020-08-13T18:19:50.910697,estk_6bca21b626c1511499495eb9a3c8aa25,evt_6bca21b626c15114,Kevin Kisner,PGA,66.1,66.13,4,0.06,3.7000,4.8400,5.4900,2.4200
Wyndham Championship Test Market,2020-08-13T18:29:51.510341,estk_6bca21b626c151146cf2ca706ee5c6ba,evt_6bca21b626c15114,Zach Johnson,PGA,70.96,71.28,6,0.08,6.8800,6.9800,8.2200,5.4900
Wyndham Championship Test Market,2020-08-13T18:29:51.510366,estk_6bca21b626c151141ca8635140548cc5,evt_6bca21b626c15114,Harris English,PGA,67.04,70.34,10,0.1,6.0700,6.9800,7.6400,4.8900
Wyndham Championship Test Market,2020-08-13T18:29:51.510371,estk_6bca21b626c151144e5af02280177635,evt_6bca21b626c15114,Si Woo Kim,PGA,68.37,69.9,7,0.08,5.8900,5.7700,7.2500,4.0500
Wyndham Championship Test Market,2020-08-13T18:29:51.510384,estk_6bca21b626c15114e71bc53e996275e5,evt_6bca21b626c15114,Brian Gay,PGA,66.9,68.22,4,0.04,4.8300,5.1700,6.4300,3.2300
Wyndham Championship Test Market,2020-08-13T18:29:51.510396,estk_6bca21b626c15114938149290ef83c69,evt_6bca21b626c15114,Cameron Percy,PGA,66.88,66.87,4,0.06,4.0000,5.1800,5.8200,2.6700
Wyndham Championship Test Market,2020-08-13T18:39:52.001636,estk_6bca21b626c1511403fcb99bd098267b,evt_6bca21b626c15114,Patrick Reed,PGA,78.09,79.62,7,0.07,15.1800,10.9700,16.9800,13.3800
Wyndham Championship Test Market,2020-08-13T18:39:52.001660,estk_6bca21b626c15114dda748b4200f22bf,evt_6bca21b626c15114,Paul Casey,PGA,70.47,71.54,6,0.07,7.1000,8.5500,8.6400,5.4600
Wyndham Championship Test Market,2020-08-13T18:39:52.001676,estk_6bca21b626c151145e6a5c337da2b39d,evt_6bca21b626c15114,Matthias Schwab,PGA,70.52,70.81,1,0.01,6.5800,6.7500,8.0600,5.5500
Wyndham Championship Test Market,2020-08-13T18:39:52.001704,estk_6bca21b626c151144e5af02280177635,evt_6bca21b626c15114,Si Woo Kim,PGA,68.37,69.53,8,0.1,5.4800,5.7700,7.2500,4.2700
Wyndham Championship Test Market,2020-08-13T18:39:52.001709,estk_6bca21b626c15114727afcd55bf28e15,evt_6bca21b626c15114,Brandt Snedeker,PGA,68.02,68.58,6,0.08,4.9000,5.6000,6.4800,3.2800
Wyndham Championship Test Market,2020-08-13T18:39:52.001724,estk_6bca21b626c1511499495eb9a3c8aa25,evt_6bca21b626c15114,Kevin Kisner,PGA,66.1,66.47,5,0.07,3.7500,4.8400,5.4900,2.4200
Wyndham Championship Test Market,2020-08-13T18:49:52.570002,estk_6bca21b626c151146cf2ca706ee5c6ba,evt_6bca21b626c15114,Zach Johnson,PGA,70.96,70.86,7,0.1,6.3600,6.9800,8.2200,5.4900
Wyndham Championship Test Market,2020-08-13T18:49:52.570007,estk_6bca21b626c151141ca8635140548cc5,evt_6bca21b626c15114,Harris English,PGA,67.04,70.67,11,0.11,6.3100,6.9800,7.6400,4.8900
Wyndham Championship Test Market,2020-08-13T18:49:52.570032,estk_6bca21b626c151144c6653517cec92a3,evt_6bca21b626c15114,Russell Knox,PGA,68.26,68.48,5,0.07,4.8100,5.7600,6.6800,3.4100
Wyndham Championship Test Market,2020-08-13T18:49:52.570036,estk_6bca21b626c15114e71bc53e996275e5,evt_6bca21b626c15114,Brian Gay,PGA,66.9,67.89,5,0.06,4.5100,5.1700,6.4300,3.2300
Wyndham Championship Test Market,2020-08-13T18:49:52.570043,estk_6bca21b626c15114938149290ef83c69,evt_6bca21b626c15114,Cameron Percy,PGA,66.88,65.2,3,0.07,3.1700,5.1800,4.6600,2.1100
Wyndham Championship Test Market,2020-08-13T18:59:53.065400,estk_6bca21b626c1511403fcb99bd098267b,evt_6bca21b626c15114,Patrick Reed,PGA,78.09,79.84,8,0.08,15.2700,10.9700,16.8200,13.5100
Wyndham Championship Test Market,2020-08-13T18:59:53.065421,estk_6bca21b626c151146cf2ca706ee5c6ba,evt_6bca21b626c15114,Zach Johnson,PGA,70.96,72.15,9,0.11,7.3500,6.9800,9.0000,5.7500
Wyndham Championship Test Market,2020-08-13T18:59:53.065426,estk_6bca21b626c15114dda748b4200f22bf,evt_6bca21b626c15114,Paul Casey,PGA,70.47,71.83,7,0.08,7.2400,8.5500,8.6300,5.6000
Wyndham Championship Test Market,2020-08-13T18:59:53.065450,estk_6bca21b626c151144e5af02280177635,evt_6bca21b626c15114,Si Woo Kim,PGA,68.37,70.85,10,0.11,6.3500,5.7700,7.9000,4.7200
Wyndham Championship Test Market,2020-08-13T18:59:53.065454,estk_6bca21b626c151145e6a5c337da2b39d,evt_6bca21b626c15114,Matthias Schwab,PGA,70.52,70.4,2,0.03,6.2500,6.7500,8.0600,5.2700
Wyndham Championship Test Market,2020-08-13T18:59:53.065478,estk_6bca21b626c15114727afcd55bf28e15,evt_6bca21b626c15114,Brandt Snedeker,PGA,68.02,68.22,7,0.1,4.6000,5.6000,6.4800,3.3600
Wyndham Championship Test Market,2020-08-13T19:09:53.889812,estk_6bca21b626c1511403fcb99bd098267b,evt_6bca21b626c15114,Patrick Reed,PGA,78.09,79.28,9,0.1,14.5000,10.9700,16.2900,13.3800
Wyndham Championship Test Market,2020-08-13T19:09:53.889828,estk_6bca21b626c15114dda748b4200f22bf,evt_6bca21b626c15114,Paul Casey,PGA,70.47,72.42,9,0.1,7.6100,8.5500,8.6300,5.6000
Wyndham Championship Test Market,2020-08-13T19:09:53.889857,estk_6bca21b626c151145e6a5c337da2b39d,evt_6bca21b626c15114,Matthias Schwab,PGA,70.52,70.7,3,0.04,6.4000,6.7500,8.0600,5.2400
Wyndham Championship Test Market,2020-08-13T19:09:53.889873,estk_6bca21b626c151141ca8635140548cc5,evt_6bca21b626c15114,Harris English,PGA,67.04,70.32,12,0.13,5.9800,6.9800,7.6400,4.8900
Wyndham Championship Test Market,2020-08-13T19:09:53.889885,estk_6bca21b626c151144c6653517cec92a3,evt_6bca21b626c15114,Russell Knox,PGA,68.26,68.8,6,0.08,5.0500,5.7600,6.6800,3.4500
Wyndham Championship Test Market,2020-08-13T19:09:53.889893,estk_6bca21b626c15114727afcd55bf28e15,evt_6bca21b626c15114,Brandt Snedeker,PGA,68.02,67.54,7,0.11,4.2000,5.6000,5.7800,3.3600
Wyndham Championship Test Market,2020-08-13T19:09:53.889897,estk_6bca21b626c15114938149290ef83c69,evt_6bca21b626c15114,Cameron Percy,PGA,66.88,66.53,5,0.08,3.7500,5.1800,4.7300,2.1800
Wyndham Championship Test Market,2020-08-13T19:09:53.889901,estk_6bca21b626c1511499495eb9a3c8aa25,evt_6bca21b626c15114,Kevin Kisner,PGA,66.1,66.49,7,0.1,3.6800,4.8400,5.4900,2.4200
Wyndham Championship Test Market,2020-08-13T19:19:54.402051,estk_6bca21b626c1511403fcb99bd098267b,evt_6bca21b626c15114,Patrick Reed,PGA,78.09,80.5,11,0.11,15.7500,10.9700,16.2900,13.9400
Wyndham Championship Test Market,2020-08-13T19:19:54.402062,estk_6bca21b626c15114dda748b4200f22bf,evt_6bca21b626c15114,Paul Casey,PGA,70.47,73.72,11,0.11,8.6600,8.5500,,6.9900
Wyndham Championship Test Market,2020-08-13T19:19:54.402080,estk_6bca21b626c151146cf2ca706ee5c6ba,evt_6bca21b626c15114,Zach Johnson,PGA,70.96,71.74,10,0.13,6.9800,6.9800,9.0000,5.7700
Wyndham Championship Test Market,2020-08-13T19:19:54.402088,estk_6bca21b626c151141ca8635140548cc5,evt_6bca21b626c15114,Harris English,PGA,67.04,71.65,14,0.14,6.8100,6.9800,,5.1700
Wyndham Championship Test Market,2020-08-13T19:19:54.402107,estk_6bca21b626c151144e5af02280177635,evt_6bca21b626c15114,Si Woo Kim,PGA,68.37,70.48,11,0.13,5.9600,5.7700,7.9000,4.7900
Wyndham Championship Test Market,2020-08-13T19:19:54.402123,estk_6bca21b626c15114e71bc53e996275e5,evt_6bca21b626c15114,Brian Gay,PGA,66.9,69.22,7,0.07,5.2300,5.1700,6.4300,3.6300
Wyndham Championship Test Market,2020-08-13T19:19:54.402127,estk_6bca21b626c151144c6653517cec92a3,evt_6bca21b626c15114,Russell Knox,PGA,68.26,67.43,6,0.1,4.1000,5.7600,5.6800,3.4100
Wyndham Championship Test Market,2020-08-13T19:19:54.402139,estk_6bca21b626c15114938149290ef83c69,evt_6bca21b626c15114,Cameron Percy,PGA,66.88,66.19,6,0.1,3.4600,5.1800,5.3300,2.1900
Wyndham Championship Test Market,2020-08-13T19:29:55.085678,estk_6bca21b626c151144e5af02280177635,evt_6bca21b626c15114,Si Woo Kim,PGA,68.37,70.8,12,0.14,6.0300,5.7700,7.5600,4.7900
Wyndham Championship Test Market,2020-08-13T19:29:55.085683,estk_6bca21b626c151145e6a5c337da2b39d,evt_6bca21b626c15114,Matthias Schwab,PGA,70.52,70.29,4,0.06,5.9700,6.7500,8.0600,5.2400
Wyndham Championship Test Market,2020-08-13T19:29:55.085704,estk_6bca21b626c151144c6653517cec92a3,evt_6bca21b626c15114,Russell Knox,PGA,68.26,68.75,8,0.11,4.7900,5.7600,,3.1900
Wyndham Championship Test Market,2020-08-13T19:29:55.085708,estk_6bca21b626c1511499495eb9a3c8aa25,evt_6bca21b626c15114,Kevin Kisner,PGA,66.1,67.83,9,0.11,4.2400,4.8400,5.4900,2.6600
Wyndham Championship Test Market,2020-08-13T19:29:55.085711,estk_6bca21b626c15114727afcd55bf28e15,evt_6bca21b626c15114,Brandt Snedeker,PGA,68.02,67.18,8,0.13,3.8700,5.6000,5.7800,3.0100
Wyndham Championship Test Market,2020-08-13T19:29:55.085716,estk_6bca21b626c15114938149290ef83c69,evt_6bca21b626c15114,Cameron Percy,PGA,66.88,66.52,7,0.11,3.5100,5.1800,5.3300,2.1900
Wyndham Championship Test Market,2020-08-13T19:39:55.559925,estk_6bca21b626c1511403fcb99bd098267b,evt_6bca21b626c15114,Patrick Reed,PGA,78.09,79.94,12,0.13,15.4800,10.9700,17.5700,14.2200
Wyndham Championship Test Market,2020-08-13T19:39:55.559935,estk_6bca21b626c15114dda748b4200f22bf,evt_6bca21b626c15114,Paul Casey,PGA,70.47,73.31,12,0.13,8.3500,8.5500,10.3300,7.1000
Wyndham Championship Test Market,2020-08-13T19:39:55.559945,estk_6bca21b626c151141ca8635140548cc5,evt_6bca21b626c15114,Harris English,PGA,67.04,72.98,16,0.15,7.9500,6.9800,8.4900,6.2900
Wyndham Championship Test Market,2020-08-13T19:39:55.559989,estk_6bca21b626c151146cf2ca706ee5c6ba,evt_6bca21b626c15114,Zach Johnson,PGA,70.96,70.03,9,0.14,5.5400,6.9800,8.4900,5.7600
Wyndham Championship Test Market,2020-08-13T19:39:55.560001,estk_6bca21b626c15114e71bc53e996275e5,evt_6bca21b626c15114,Brian Gay,PGA,66.9,69.55,8,0.08,5.2300,5.1700,6.4300,3.6700
Wyndham Championship Test Market,2020-08-13T19:39:55.560009,estk_6bca21b626c15114727afcd55bf28e15,evt_6bca21b626c15114,Brandt Snedeker,PGA,68.02,68.5,10,0.14,4.4400,5.6000,5.7800,2.8500
Wyndham Championship Test Market,2020-08-13T19:49:56.049850,estk_6bca21b626c15114dda748b4200f22bf,evt_6bca21b626c15114,Paul Casey,PGA,70.47,74.6,14,0.14,9.5900,8.5500,,7.9000
Wyndham Championship Test Market,2020-08-13T19:49:56.049867,estk_6bca21b626c151144e5af02280177635,evt_6bca21b626c15114,Si Woo Kim,PGA,68.37,72.11,14,0.15,7.1100,5.7700,,5.4700
Wyndham Championship Test Market,2020-08-13T19:49:56.049879,estk_6bca21b626c151145e6a5c337da2b39d,evt_6bca21b626c15114,Matthias Schwab,PGA,70.52,71.58,6,0.07,6.8300,6.7500,,5.1900
Wyndham Championship Test Market,2020-08-13T19:49:56.049884,estk_6bca21b626c151141ca8635140548cc5,evt_6bca21b626c15114,Harris English,PGA,67.04,71.64,16,0.17,6.5900,6.9800,,6.2000
Wyndham Championship Test Market,2020-08-13T19:49:56.049903,estk_6bca21b626c151146cf2ca706ee5c6ba,evt_6bca21b626c15114,Zach Johnson,PGA,70.96,70.32,10,0.15,5.6000,6.9800,7.0800,3.9900
Wyndham Championship Test Market,2020-08-13T19:49:56.049919,estk_6bca21b626c151144c6653517cec92a3,evt_6bca21b626c15114,Russell Knox,PGA,68.26,68.39,9,0.13,4.3900,5.7600,6.3500,3.1900
Wyndham Championship Test Market,2020-08-13T19:49:56.049923,estk_6bca21b626c15114e71bc53e996275e5,evt_6bca21b626c15114,Brian Gay,PGA,66.9,68.21,8,0.1,4.3700,5.1700,,3.6500
Wyndham Championship Test Market,2020-08-13T19:49:56.049927,estk_6bca21b626c1511499495eb9a3c8aa25,evt_6bca21b626c15114,Kevin Kisner,PGA,66.1,67.51,10,0.13,3.8800,4.8400,5.4900,2.6800
Wyndham Championship Test Market,2020-08-13T19:59:56.578005,estk_6bca21b626c1511403fcb99bd098267b,evt_6bca21b626c15114,Patrick Reed,PGA,78.09,80.16,13,0.14,15.6700,10.9700,17.1200,14.0800
Wyndham Championship Test Market,2020-08-13T19:59:56.578029,estk_6bca21b626c151141ca8635140548cc5,evt_6bca21b626c15114,Harris English,PGA,67.04,71.97,17,0.18,7.0400,6.9800,8.2200,5.4000
Wyndham Championship Test Market,2020-08-13T19:59:56.578058,estk_6bca21b626c151144e5af02280177635,evt_6bca21b626c15114,Si Woo Kim,PGA,68.37,70.75,14,0.17,6.0700,5.7700,7.6900,4.7900
Wyndham Championship Test Market,2020-08-13T19:59:56.578070,estk_6bca21b626c151146cf2ca706ee5c6ba,evt_6bca21b626c15114,Zach Johnson,PGA,70.96,69.9,11,0.17,5.4000,6.9800,7.0800,4.0800
Wyndham Championship Test Market,2020-08-13T19:59:56.578086,estk_6bca21b626c15114727afcd55bf28e15,evt_6bca21b626c15114,Brandt Snedeker,PGA,68.02,67.82,10,0.15,4.2200,5.6000,5.7800,2.9400
Wyndham Championship Test Market,2020-08-13T19:59:56.578090,estk_6bca21b626c1511499495eb9a3c8aa25,evt_6bca21b626c15114,Kevin Kisner,PGA,66.1,66.85,10,0.14,3.6000,4.8400,5.4900,2.6800
Wyndham Championship Test Market,2020-08-13T19:59:56.578094,estk_6bca21b626c15114938149290ef83c69,evt_6bca21b626c15114,Cameron Percy,PGA,66.88,65.19,7,0.13,2.9400,5.1800,4.5000,2.1100
Wyndham Championship Test Market,2020-08-13T20:09:57.082181,estk_6bca21b626c15114dda748b4200f22bf,evt_6bca21b626c15114,Paul Casey,PGA,70.47,73.9,14,0.15,8.9700,8.5500,11.1800,7.9000
Wyndham Championship Test Market,2020-08-13T20:09:57.082195,estk_6bca21b626c151145e6a5c337da2b39d,evt_6bca21b626c15114,Matthias Schwab,PGA,70.52,71.88,7,0.08,7.2600,6.7500,8.4900,5.6100
Wyndham Championship Test Market,2020-08-13T20:09:57.082242,estk_6bca21b626c15114e71bc53e996275e5,evt_6bca21b626c15114,Brian Gay,PGA,66.9,68.54,9,0.11,4.7600,5.1700,5.9200,3.2300
Wyndham Championship Test Market,2020-08-13T20:09:57.082246,estk_6bca21b626c151144c6653517cec92a3,evt_6bca21b626c15114,Russell Knox,PGA,68.26,67.7,9,0.14,4.2300,5.7600,5.8900,3.1900
Wyndham Championship Test Market,2020-08-13T20:09:57.082259,estk_6bca21b626c15114938149290ef83c69,evt_6bca21b626c15114,Cameron Percy,PGA,66.88,64.52,7,0.14,2.6700,5.1800,4.5000,1.9400
Wyndham Championship Test Market,2020-08-13T20:19:57.722302,estk_6bca21b626c1511403fcb99bd098267b,evt_6bca21b626c15114,Patrick Reed,PGA,78.09,80.38,14,0.15,15.5700,10.9700,17.1200,14.0800
Wyndham Championship Test Market,2020-08-13T20:19:57.722326,estk_6bca21b626c151141ca8635140548cc5,evt_6bca21b626c15114,Harris English,PGA,67.04,72.3,18,0.19,7.2500,6.9800,8.2600,5.4200
Wyndham Championship Test Market,2020-08-13T20:19:57.722334,estk_6bca21b626c151144e5af02280177635,evt_6bca21b626c15114,Si Woo Kim,PGA,68.37,72.06,16,0.18,7.1200,5.7700,,5.4800
Wyndham Championship Test Market,2020-08-13T20:19:57.722361,estk_6bca21b626c151146cf2ca706ee5c6ba,evt_6bca21b626c15114,Zach Johnson,PGA,70.96,70.19,12,0.18,5.6800,6.9800,7.0800,4.0800
Wyndham Championship Test Market,2020-08-13T20:19:57.722380,estk_6bca21b626c15114727afcd55bf28e15,evt_6bca21b626c15114,Brandt Snedeker,PGA,68.02,67.46,11,0.17,3.9700,5.6000,5.7800,2.9400
Wyndham Championship Test Market,2020-08-13T20:19:57.722384,estk_6bca21b626c1511499495eb9a3c8aa25,evt_6bca21b626c15114,Kevin Kisner,PGA,66.1,67.19,11,0.15,3.9500,4.8400,5.4900,2.6800
Wyndham Championship Test Market,2020-08-13T20:29:58.202964,estk_6bca21b626c1511403fcb99bd098267b,evt_6bca21b626c15114,Patrick Reed,PGA,78.09,79.81,15,0.17,15.6200,10.9700,17.4800,14.0800
Wyndham Championship Test Market,2020-08-13T20:29:58.202979,estk_6bca21b626c15114dda748b4200f22bf,evt_6bca21b626c15114,Paul Casey,PGA,70.47,72.49,14,0.17,7.5900,8.5500,10.4400,
Wyndham Championship Test Market,2020-08-13T20:29:58.203007,estk_6bca21b626c151145e6a5c337da2b39d,evt_6bca21b626c15114,Matthias Schwab,PGA,70.52,71.47,8,0.1,6.9400,6.7500,8.8400,5.7500
Wyndham Championship Test Market,2020-08-13T20:29:58.203037,estk_6bca21b626c151144c6653517cec92a3,evt_6bca21b626c15114,Russell Knox,PGA,68.26,68.02,10,0.15,4.2400,5.7600,5.7500,3.1600
Wyndham Championship Test Market,2020-08-13T20:29:58.203040,estk_6bca21b626c15114727afcd55bf28e15,evt_6bca21b626c15114,Brandt Snedeker,PGA,68.02,67.78,12,0.18,4.0900,5.6000,5.7800,2.9400
Wyndham Championship Test Market,2020-08-13T20:29:58.203044,estk_6bca21b626c15114e71bc53e996275e5,evt_6bca21b626c15114,Brian Gay,PGA,66.9,67.2,9,0.13,3.9400,5.1700,5.9200,3.1700
Wyndham Championship Test Market,2020-08-13T20:29:58.203049,estk_6bca21b626c1511499495eb9a3c8aa25,evt_6bca21b626c15114,Kevin Kisner,PGA,66.1,66.86,12,0.17,3.6100,4.8400,5.4900,2.6800
Wyndham Championship Test Market,2020-08-13T20:29:58.203053,estk_6bca21b626c15114938149290ef83c69,evt_6bca21b626c15114,Cameron Percy,PGA,66.88,63.85,7,0.15,2.4300,5.1800,4.5000,1.8400
Wyndham Championship Test Market,2020-08-13T20:39:58.704392,estk_6bca21b626c151144e5af02280177635,evt_6bca21b626c15114,Si Woo Kim,PGA,68.37,73.38,18,0.19,8.3800,5.7700,8.6500,6.7100
Wyndham Championship Test Market,2020-08-13T20:39:58.704413,estk_6bca21b626c151145e6a5c337da2b39d,evt_6bca21b626c15114,Matthias Schwab,PGA,70.52,71.76,9,0.11,7.0800,6.7500,8.5100,6.7100
Wyndham Championship Test Market,2020-08-13T20:39:58.704439,estk_6bca21b626c151146cf2ca706ee5c6ba,evt_6bca21b626c15114,Zach Johnson,PGA,70.96,70.48,13,0.19,5.8000,6.9800,7.0800,6.7100
Wyndham Championship Test Market,2020-08-13T20:39:58.704451,estk_6bca21b626c151144c6653517cec92a3,evt_6bca21b626c15114,Russell Knox,PGA,68.26,67.66,11,0.17,4.0400,5.7500,5.7500,3.1600
Wyndham Championship Test Market,2020-08-13T20:39:58.704455,estk_6bca21b626c15114e71bc53e996275e5,evt_6bca21b626c15114,Brian Gay,PGA,66.9,67.53,10,0.14,4.0400,5.9200,5.4500,2.7800
Wyndham Championship Test Market,2020-08-13T20:39:58.704467,estk_6bca21b626c15114938149290ef83c69,evt_6bca21b626c15114,Cameron Percy,PGA,66.88,63.51,8,0.17,2.3000,3.9800,3.9800,1.5300
Wyndham Championship Test Market,2020-08-13T20:49:59.298679,estk_6bca21b626c1511403fcb99bd098267b,evt_6bca21b626c15114,Patrick Reed,PGA,78.09,81.03,17,0.18,16.8800,10.9700,17.4800,14.0600
Wyndham Championship Test Market,2020-08-13T20:49:59.298694,estk_6bca21b626c151141ca8635140548cc5,evt_6bca21b626c15114,Harris English,PGA,67.04,72.96,20,0.21,7.8200,6.9800,8.7000,6.1600
Wyndham Championship Test Market,2020-08-13T20:49:59.298703,estk_6bca21b626c15114dda748b4200f22bf,evt_6bca21b626c15114,Paul Casey,PGA,70.47,72.79,15,0.18,7.7500,8.5500,9.2300,6.0400
Wyndham Championship Test Market,2020-08-13T20:49:59.298751,estk_6bca21b626c15114727afcd55bf28e15,evt_6bca21b626c15114,Brandt Snedeker,PGA,68.02,68.1,13,0.19,4.1300,5.7800,5.7400,2.9400
Wyndham Championship Test Market,2020-08-13T20:49:59.298763,estk_6bca21b626c1511499495eb9a3c8aa25,evt_6bca21b626c15114,Kevin Kisner,PGA,66.1,67.2,13,0.18,3.6500,5.2500,5.1700,2.6800
Wyndham Championship Test Market,2020-08-13T20:49:59.298767,estk_6bca21b626c15114938149290ef83c69,evt_6bca21b626c15114,Cameron Percy,PGA,66.88,63.84,9,0.18,2.2700,3.9800,3.7600,1.2100
Wyndham Championship Test Market,2020-08-13T20:59:59.849742,estk_6bca21b626c151141ca8635140548cc5,evt_6bca21b626c15114,Harris English,PGA,67.04,73.29,21,0.22,8.0800,6.9800,9.2900,6.1600
Wyndham Championship Test Market,2020-08-13T20:59:59.849776,estk_6bca21b626c151145e6a5c337da2b39d,evt_6bca21b626c15114,Matthias Schwab,PGA,70.52,71.35,10,0.13,6.5700,6.7500,8.2000,5.6100
Wyndham Championship Test Market,2020-08-13T20:59:59.849808,estk_6bca21b626c151144c6653517cec92a3,evt_6bca21b626c15114,Russell Knox,PGA,68.26,67.97,12,0.18,4.1000,5.7500,5.4100,3.0100
Wyndham Championship Test Market,2020-08-13T21:10:00.286762,estk_6bca21b626c1511403fcb99bd098267b,evt_6bca21b626c15114,Patrick Reed,PGA,78.09,81.25,18,0.19,16.7600,10.9700,18.4800,15.0800
Wyndham Championship Test Market,2020-08-13T21:10:00.286774,estk_6bca21b626c151144e5af02280177635,evt_6bca21b626c15114,Si Woo Kim,PGA,68.37,74.33,21,0.22,8.1700,5.7700,10.0000,6.7100
Wyndham Championship Test Market,2020-08-13T21:10:00.286779,estk_6bca21b626c151141ca8635140548cc5,evt_6bca21b626c15114,Harris English,PGA,67.04,72.95,22,0.24,8.0000,6.9800,9.2900,6.4000
Wyndham Championship Test Market,2020-08-13T21:10:00.286788,estk_6bca21b626c15114dda748b4200f22bf,evt_6bca21b626c15114,Paul Casey,PGA,70.47,73.08,16,0.19,7.5900,8.5500,9.2300,6.0500
Wyndham Championship Test Market,2020-08-13T21:10:00.286824,estk_6bca21b626c151146cf2ca706ee5c6ba,evt_6bca21b626c15114,Zach Johnson,PGA,70.96,70.35,15,0.22,5.6600,6.9800,7.0800,4.2400
Wyndham Championship Test Market,2020-08-13T21:10:00.286836,estk_6bca21b626c15114727afcd55bf28e15,evt_6bca21b626c15114,Brandt Snedeker,PGA,68.02,68.74,15,0.21,4.1900,5.7800,5.7400,2.9400
Wyndham Championship Test Market,2020-08-13T21:10:00.286840,estk_6bca21b626c151144c6653517cec92a3,evt_6bca21b626c15114,Russell Knox,PGA,68.26,66.29,11,0.19,4.0100,5.7500,5.4100,3.0100
Wyndham Championship Test Market,2020-08-13T21:10:00.286844,estk_6bca21b626c15114e71bc53e996275e5,evt_6bca21b626c15114,Brian Gay,PGA,66.9,65.87,9,0.15,3.9300,5.9200,5.4500,2.7800
Wyndham Championship Test Market,2020-08-13T21:10:00.286848,estk_6bca21b626c1511499495eb9a3c8aa25,evt_6bca21b626c15114,Kevin Kisner,PGA,66.1,67.54,14,0.19,3.7100,5.2500,5.1700,2.6800
Wyndham Championship Test Market,2020-08-13T21:10:00.286852,estk_6bca21b626c15114938149290ef83c69,evt_6bca21b626c15114,Cameron Percy,PGA,66.88,65.17,11,0.19,2.3000,3.9800,3.7600,1.2100
Wyndham Championship Test Market,2020-08-13T21:20:00.792939,estk_6bca21b626c1511403fcb99bd098267b,evt_6bca21b626c15114,Patrick Reed,PGA,78.09,81.69,20,0.21,17.3300,10.9700,18.7200,15.4800
Wyndham Championship Test Market,2020-08-13T21:20:00.792991,estk_6bca21b626c15114dda748b4200f22bf,evt_6bca21b626c15114,Paul Casey,PGA,70.47,72.67,17,0.21,7.4300,8.5500,9.2300,6.2500
Wyndham Championship Test Market,2020-08-13T21:20:00.793008,estk_6bca21b626c151145e6a5c337da2b39d,evt_6bca21b626c15114,Matthias Schwab,PGA,70.52,71.65,11,0.14,6.7800,6.7500,8.1500,5.5600
Wyndham Championship Test Market,2020-08-13T21:20:00.793039,estk_6bca21b626c15114727afcd55bf28e15,evt_6bca21b626c15114,Brandt Snedeker,PGA,68.02,69.06,16,0.22,4.7400,5.7800,,2.9400
Wyndham Championship Test Market,2020-08-13T21:20:00.793044,estk_6bca21b626c1511499495eb9a3c8aa25,evt_6bca21b626c15114,Kevin Kisner,PGA,66.1,68.22,16,0.21,4.2500,5.2500,5.4900,2.6800
Wyndham Championship Test Market,2020-08-13T21:20:00.793056,estk_6bca21b626c15114e71bc53e996275e5,evt_6bca21b626c15114,Brian Gay,PGA,66.9,64.53,9,0.17,2.5500,5.9200,,1.6300
Wyndham Championship Test Market,2020-08-13T21:30:01.429756,estk_6bca21b626c151144e5af02280177635,evt_6bca21b626c15114,Si Woo Kim,PGA,68.37,72.96,21,0.24,8.9800,5.7700,10.7300,7.3700
Wyndham Championship Test Market,2020-08-13T21:30:01.429767,estk_6bca21b626c151141ca8635140548cc5,evt_6bca21b626c15114,Harris English,PGA,67.04,74.28,24,0.25,7.6700,6.9800,9.2900,6.4000
Wyndham Championship Test Market,2020-08-13T21:30:01.429806,estk_6bca21b626c151146cf2ca706ee5c6ba,evt_6bca21b626c15114,Zach Johnson,PGA,70.96,69.93,16,0.24,5.6400,6.9800,7.0800,4.2400
Wyndham Championship Test Market,2020-08-13T21:30:01.430249,estk_6bca21b626c15114938149290ef83c69,evt_6bca21b626c15114,Cameron Percy,PGA,66.88,65.84,13,0.21,2.9000,3.9800,3.9800,1.2200
Wyndham Championship Test Market,2020-08-13T21:30:01.430254,estk_6bca21b626c15114e71bc53e996275e5,evt_6bca21b626c15114,Brian Gay,PGA,66.9,64.86,10,0.18,2.6600,5.9200,4.1000,1.6300
Wyndham Championship Test Market,2020-08-13T21:40:02.266397,estk_6bca21b626c1511403fcb99bd098267b,evt_6bca21b626c15114,Patrick Reed,PGA,78.09,81.91,21,0.22,17.1500,10.9700,18.7200,15.4800
Wyndham Championship Test Market,2020-08-13T21:40:02.266465,estk_6bca21b626c151144e5af02280177635,evt_6bca21b626c15114,Si Woo Kim,PGA,68.37,74.28,23,0.25,7.7400,5.7700,9.2900,6.0900
Wyndham Championship Test Market,2020-08-13T21:40:02.266471,estk_6bca21b626c15114dda748b4200f22bf,evt_6bca21b626c15114,Paul Casey,PGA,70.47,73.97,19,0.22,7.4800,8.5500,9.2300,6.2500
Wyndham Championship Test Market,2020-08-13T21:40:02.266497,estk_6bca21b626c151145e6a5c337da2b39d,evt_6bca21b626c15114,Matthias Schwab,PGA,70.52,71.94,12,0.15,6.8200,6.7500,8.1500,5.5600
Wyndham Championship Test Market,2020-08-13T21:40:02.266532,estk_6bca21b626c151146cf2ca706ee5c6ba,evt_6bca21b626c15114,Zach Johnson,PGA,70.96,71.22,18,0.25,5.2100,6.9800,7.0800,4.2400
Wyndham Championship Test Market,2020-08-13T21:40:02.266536,estk_6bca21b626c15114727afcd55bf28e15,evt_6bca21b626c15114,Brandt Snedeker,PGA,68.02,68.7,17,0.24,4.7200,5.7800,6.2900,3.1900
Wyndham Championship Test Market,2020-08-13T21:40:02.266541,estk_6bca21b626c1511499495eb9a3c8aa25,evt_6bca21b626c15114,Kevin Kisner,PGA,66.1,68.56,17,0.22,4.2300,5.4900,5.4900,2.7200
Wyndham Championship Test Market,2020-08-13T21:40:02.266545,estk_6bca21b626c151144c6653517cec92a3,evt_6bca21b626c15114,Russell Knox,PGA,68.26,67.24,14,0.22,3.3600,4.7500,4.7500,2.2600
Wyndham Championship Test Market,2020-08-13T21:40:02.266553,estk_6bca21b626c15114e71bc53e996275e5,evt_6bca21b626c15114,Brian Gay,PGA,66.9,65.19,11,0.19,2.7500,4.1000,4.1000,1.6300
Wyndham Championship Test Market,2020-08-13T21:50:02.793559,estk_6bca21b626c1511403fcb99bd098267b,evt_6bca21b626c15114,Patrick Reed,PGA,78.09,81.35,22,0.24,17.1400,10.9700,18.7200,15.4800
Wyndham Championship Test Market,2020-08-13T21:50:02.793611,estk_6bca21b626c15114dda748b4200f22bf,evt_6bca21b626c15114,Paul Casey,PGA,70.47,74.56,21,0.24,8.4600,8.5500,10.0400,6.8500
Wyndham Championship Test Market,2020-08-13T21:50:02.793624,estk_6bca21b626c151145e6a5c337da2b39d,evt_6bca21b626c15114,Matthias Schwab,PGA,70.52,71.53,13,0.17,6.8100,6.7500,8.1500,5.5600
Wyndham Championship Test Market,2020-08-13T21:50:02.793664,estk_6bca21b626c15114727afcd55bf28e15,evt_6bca21b626c15114,Brandt Snedeker,PGA,68.02,69.02,18,0.25,4.3300,5.7800,6.2900,3.1900
Wyndham Championship Test Market,2020-08-13T21:50:02.793668,estk_6bca21b626c1511499495eb9a3c8aa25,evt_6bca21b626c15114,Kevin Kisner,PGA,66.1,68.24,18,0.24,4.2800,5.4900,5.4900,2.7200
Wyndham Championship Test Market,2020-08-13T21:50:02.793676,estk_6bca21b626c15114938149290ef83c69,evt_6bca21b626c15114,Cameron Percy,PGA,66.88,66.17,14,0.22,2.9800,3.9800,4.3100,1.5800
Wyndham Championship Test Market,2020-08-13T22:00:03.541216,estk_6bca21b626c1511403fcb99bd098267b,evt_6bca21b626c15114,Patrick Reed,PGA,78.09,81.57,23,0.25,16.6200,10.9700,18.3700,15.3100
Wyndham Championship Test Market,2020-08-13T22:00:03.541261,estk_6bca21b626c151145e6a5c337da2b39d,evt_6bca21b626c15114,Matthias Schwab,PGA,70.52,72.83,15,0.18,6.4700,6.7500,8.1500,5.5200
Wyndham Championship Test Market,2020-08-13T22:00:03.541295,estk_6bca21b626c1511499495eb9a3c8aa25,evt_6bca21b626c15114,Kevin Kisner,PGA,66.1,68.57,19,0.25,4.0600,5.4900,5.4900,2.7200
Wyndham Championship Test Market,2020-08-13T22:00:03.541300,estk_6bca21b626c151144c6653517cec92a3,evt_6bca21b626c15114,Russell Knox,PGA,68.26,66.88,15,0.24,3.6600,4.7500,4.7500,2.2600
Wyndham Championship Test Market,2020-08-13T22:00:03.541304,estk_6bca21b626c15114938149290ef83c69,evt_6bca21b626c15114,Cameron Percy,PGA,66.88,66.83,16,0.24,3.0600,3.9800,4.3100,1.5800
Wyndham Championship Test Market,2020-08-13T22:00:03.541308,estk_6bca21b626c15114e71bc53e996275e5,evt_6bca21b626c15114,Brian Gay,PGA,66.9,65.85,13,0.21,2.8000,4.1000,4.1000,1.6300
Wyndham Championship Test Market,2020-08-13T22:10:04.035883,estk_6bca21b626c15114dda748b4200f22bf,evt_6bca21b626c15114,Paul Casey,PGA,70.47,73.85,21,0.25,8.8800,8.5500,10.6800,7.3200
Wyndham Championship Test Market,2020-08-13T22:10:04.035958,estk_6bca21b626c15114938149290ef83c69,evt_6bca21b626c15114,Cameron Percy,PGA,66.88,67.16,17,0.25,3.2800,3.9800,4.6600,1.7800
Wyndham Championship Test Market,2020-08-13T22:20:04.638165,estk_6bca21b626c151145e6a5c337da2b39d,evt_6bca21b626c15114,Matthias Schwab,PGA,70.52,73.12,16,0.19,7.4800,6.7500,8.8400,5.8700
Wyndham Championship Test Market,2020-08-13T22:20:04.638221,estk_6bca21b626c151144c6653517cec92a3,evt_6bca21b626c15114,Russell Knox,PGA,68.26,66.2,15,0.25,3.2800,4.7500,4.7500,2.2600
Wyndham Championship Test Market,2020-08-13T22:20:04.638226,estk_6bca21b626c15114e71bc53e996275e5,evt_6bca21b626c15114,Brian Gay,PGA,66.9,66.18,14,0.22,2.9200,4.1000,4.1000,1.6300
Wyndham Championship Test Market,2020-08-14T11:50:46.929653,estk_6bca21b626c151141ca8635140548cc5,evt_6bca21b626c15114,Harris English,PGA,67.04,74.61,25,0.26,8.7200,6.9800,10.0200,7.2700
Wyndham Championship Test Market,2020-08-14T12:00:47.396950,estk_6bca21b626c151144e5af02280177635,evt_6bca21b626c15114,Si Woo Kim,PGA,68.37,74.59,24,0.26,8.6600,5.7700,10.2800,7.0800
Wyndham Championship Test Market,2020-08-14T12:00:47.396994,estk_6bca21b626c151146cf2ca706ee5c6ba,evt_6bca21b626c15114,Zach Johnson,PGA,70.96,70.51,18,0.26,5.7000,6.9800,7.5900,4.5600
Wyndham Championship Test Market,2020-08-14T12:00:47.397021,estk_6bca21b626c15114e71bc53e996275e5,evt_6bca21b626c15114,Brian Gay,PGA,66.9,65.84,15,0.24,3.3100,4.1000,5.0800,2.0700
Wyndham Championship Test Market,2020-08-14T12:10:47.915193,estk_6bca21b626c151145e6a5c337da2b39d,evt_6bca21b626c15114,Matthias Schwab,PGA,70.52,73.71,18,0.21,8.0800,6.7500,9.4900,6.1100
Wyndham Championship Test Market,2020-08-14T12:10:47.915248,estk_6bca21b626c15114727afcd55bf28e15,evt_6bca21b626c15114,Brandt Snedeker,PGA,68.02,68.33,18,0.26,4.4300,5.7800,6.2900,3.2900
Wyndham Championship Test Market,2020-08-14T12:20:48.332849,estk_6bca21b626c1511403fcb99bd098267b,evt_6bca21b626c15114,Patrick Reed,PGA,78.09,81.79,24,0.26,15.6400,10.9700,17.0300,13.8800
Wyndham Championship Test Market,2020-08-14T12:20:48.332891,estk_6bca21b626c151141ca8635140548cc5,evt_6bca21b626c15114,Harris English,PGA,67.04,74.6,27,0.29,8.6900,6.9800,10.0200,7.2700
Wyndham Championship Test Market,2020-08-14T12:20:48.332896,estk_6bca21b626c151144e5af02280177635,evt_6bca21b626c15114,Si Woo Kim,PGA,68.37,74.23,25,0.28,8.4700,5.7700,10.2800,7.0800
Wyndham Championship Test Market,2020-08-14T12:20:48.332901,estk_6bca21b626c151145e6a5c337da2b39d,evt_6bca21b626c15114,Matthias Schwab,PGA,70.52,74.01,19,0.22,8.2900,6.7500,9.6900,6.1100
Wyndham Championship Test Market,2020-08-14T12:20:48.332909,estk_6bca21b626c15114dda748b4200f22bf,evt_6bca21b626c15114,Paul Casey,PGA,70.47,73.15,21,0.26,7.5200,8.5500,9.2400,6.5900
Wyndham Championship Test Market,2020-08-14T12:20:48.332948,estk_6bca21b626c151146cf2ca706ee5c6ba,evt_6bca21b626c15114,Zach Johnson,PGA,70.96,70.09,19,0.28,5.3500,6.9800,7.0600,4.4900
Wyndham Championship Test Market,2020-08-14T12:30:48.742285,estk_6bca21b626c151144e5af02280177635,evt_6bca21b626c15114,Si Woo Kim,PGA,68.37,74.54,26,0.29,8.7000,5.7700,10.2800,7.0800
Wyndham Championship Test Market,2020-08-14T12:30:48.742294,estk_6bca21b626c151145e6a5c337da2b39d,evt_6bca21b626c15114,Matthias Schwab,PGA,70.52,73.6,20,0.24,8.0800,6.7500,9.6900,6.2300
Wyndham Championship Test Market,2020-08-14T12:30:48.742352,estk_6bca21b626c1511499495eb9a3c8aa25,evt_6bca21b626c15114,Kevin Kisner,PGA,66.1,68.91,20,0.26,4.7700,5.4900,6.1700,3.2300
Wyndham Championship Test Market,2020-08-14T12:30:48.742356,estk_6bca21b626c15114727afcd55bf28e15,evt_6bca21b626c15114,Brandt Snedeker,PGA,68.02,67.97,19,0.28,4.2900,5.7800,6.2900,3.2900
Wyndham Championship Test Market,2020-08-14T12:30:48.742364,estk_6bca21b626c151144c6653517cec92a3,evt_6bca21b626c15114,Russell Knox,PGA,68.26,66.51,16,0.26,3.5500,4.7500,4.7500,2.0500
Wyndham Championship Test Market,2020-08-14T12:40:49.231479,estk_6bca21b626c1511403fcb99bd098267b,evt_6bca21b626c15114,Patrick Reed,PGA,78.09,81.22,25,0.28,15.2100,10.9700,16.8600,13.8800
Wyndham Championship Test Market,2020-08-14T12:40:49.231520,estk_6bca21b626c151141ca8635140548cc5,evt_6bca21b626c15114,Harris English,PGA,67.04,74.26,28,0.31,8.3300,6.9800,10.0200,7.2700
Wyndham Championship Test Market,2020-08-14T12:40:49.231524,estk_6bca21b626c15114dda748b4200f22bf,evt_6bca21b626c15114,Paul Casey,PGA,70.47,73.74,23,0.28,8.0300,8.5500,9.2400,6.5900
Wyndham Championship Test Market,2020-08-14T12:40:49.231567,estk_6bca21b626c151146cf2ca706ee5c6ba,evt_6bca21b626c15114,Zach Johnson,PGA,70.96,70.38,20,0.29,5.4900,6.9800,7.0600,4.4900
Wyndham Championship Test Market,2020-08-14T12:40:49.231575,estk_6bca21b626c1511499495eb9a3c8aa25,evt_6bca21b626c15114,Kevin Kisner,PGA,66.1,69.59,22,0.28,5.0700,5.4900,6.3000,3.2300
Wyndham Championship Test Market,2020-08-14T12:40:49.231579,estk_6bca21b626c15114727afcd55bf28e15,evt_6bca21b626c15114,Brandt Snedeker,PGA,68.02,68.29,20,0.29,4.3800,5.7800,5.7500,3.2900
Wyndham Championship Test Market,2020-08-14T12:40:49.231583,estk_6bca21b626c15114938149290ef83c69,evt_6bca21b626c15114,Cameron Percy,PGA,66.88,67.49,18,0.26,3.9900,3.9800,5.4600,2.4200
Wyndham Championship Test Market,2020-08-14T12:50:49.870592,estk_6bca21b626c1511403fcb99bd098267b,evt_6bca21b626c15114,Patrick Reed,PGA,78.09,81.44,26,0.29,15.3900,10.9700,16.8600,13.6500
Wyndham Championship Test Market,2020-08-14T12:50:49.870637,estk_6bca21b626c151144e5af02280177635,evt_6bca21b626c15114,Si Woo Kim,PGA,68.37,74.18,27,0.31,8.1900,5.7700,9.7700,7.0800
Wyndham Championship Test Market,2020-08-14T12:50:49.870641,estk_6bca21b626c15114dda748b4200f22bf,evt_6bca21b626c15114,Paul Casey,PGA,70.47,74.03,24,0.29,8.0700,8.5500,9.7400,6.5900
Wyndham Championship Test Market,2020-08-14T12:50:49.870680,estk_6bca21b626c1511499495eb9a3c8aa25,evt_6bca21b626c15114,Kevin Kisner,PGA,66.1,70.93,24,0.29,5.8800,5.4900,7.3900,4.2000
Wyndham Championship Test Market,2020-08-14T12:50:49.870684,estk_6bca21b626c151146cf2ca706ee5c6ba,evt_6bca21b626c15114,Zach Johnson,PGA,70.96,70.96,22,0.31,5.7500,6.9800,7.0600,4.4900
Wyndham Championship Test Market,2020-08-14T12:50:49.870700,estk_6bca21b626c15114938149290ef83c69,evt_6bca21b626c15114,Cameron Percy,PGA,66.88,67.15,19,0.28,3.7900,3.9800,5.4600,2.4200
Wyndham Championship Test Market,2020-08-14T12:50:49.870704,estk_6bca21b626c151144c6653517cec92a3,evt_6bca21b626c15114,Russell Knox,PGA,68.26,66.15,17,0.28,3.3400,4.7500,4.7500,2.0500
Wyndham Championship Test Market,2020-08-14T13:00:50.379627,estk_6bca21b626c151141ca8635140548cc5,evt_6bca21b626c15114,Harris English,PGA,67.04,72.59,27,0.32,6.9100,6.9800,8.5700,5.3400
Wyndham Championship Test Market,2020-08-14T13:00:50.379671,estk_6bca21b626c15114727afcd55bf28e15,evt_6bca21b626c15114,Brandt Snedeker,PGA,68.02,68.93,22,0.31,4.6100,5.7800,5.7500,3.2900
Wyndham Championship Test Market,2020-08-14T13:00:50.379675,estk_6bca21b626c151144c6653517cec92a3,evt_6bca21b626c15114,Russell Knox,PGA,68.26,67.46,19,0.29,3.9100,4.7500,5.0900,2.2700
Wyndham Championship Test Market,2020-08-14T13:00:50.379679,estk_6bca21b626c15114938149290ef83c69,evt_6bca21b626c15114,Cameron Percy,PGA,66.88,67.48,20,0.29,3.9100,3.9800,5.4600,2.4200
Wyndham Championship Test Market,2020-08-14T13:00:50.379684,estk_6bca21b626c15114e71bc53e996275e5,evt_6bca21b626c15114,Brian Gay,PGA,66.9,66.18,16,0.25,3.4400,4.1000,5.0800,2.0700
Wyndham Championship Test Market,2020-08-14T13:10:50.779682,estk_6bca21b626c1511403fcb99bd098267b,evt_6bca21b626c15114,Patrick Reed,PGA,78.09,80.88,27,0.31,14.9000,10.9700,16.8600,13.6500
Wyndham Championship Test Market,2020-08-14T13:10:50.779693,estk_6bca21b626c151144e5af02280177635,evt_6bca21b626c15114,Si Woo Kim,PGA,68.37,74.49,28,0.32,8.5300,5.7700,10.2100,7.0800
Wyndham Championship Test Market,2020-08-14T13:10:50.779702,estk_6bca21b626c15114dda748b4200f22bf,evt_6bca21b626c15114,Paul Casey,PGA,70.47,73.62,25,0.31,7.7800,8.5500,9.7400,6.5900
Wyndham Championship Test Market,2020-08-14T13:10:50.779735,estk_6bca21b626c1511499495eb9a3c8aa25,evt_6bca21b626c15114,Kevin Kisner,PGA,66.1,71.61,26,0.31,6.3400,5.4900,7.9100,4.6700
Wyndham Championship Test Market,2020-08-14T13:10:50.779755,estk_6bca21b626c151146cf2ca706ee5c6ba,evt_6bca21b626c15114,Zach Johnson,PGA,70.96,69.25,21,0.32,4.7700,6.9800,6.3600,3.8800
Wyndham Championship Test Market,2020-08-14T13:20:51.195658,estk_6bca21b626c151141ca8635140548cc5,evt_6bca21b626c15114,Harris English,PGA,67.04,72.92,28,0.33,7.2100,6.9800,8.5700,5.4600
Wyndham Championship Test Market,2020-08-14T13:20:51.195698,estk_6bca21b626c15114727afcd55bf28e15,evt_6bca21b626c15114,Brandt Snedeker,PGA,68.02,69.25,23,0.32,4.7900,5.7800,6.3000,3.2900
Wyndham Championship Test Market,2020-08-14T13:20:51.195705,estk_6bca21b626c151144c6653517cec92a3,evt_6bca21b626c15114,Russell Knox,PGA,68.26,68.1,21,0.31,4.1300,4.7500,5.4300,2.6000
Wyndham Championship Test Market,2020-08-14T13:20:51.195710,estk_6bca21b626c15114938149290ef83c69,evt_6bca21b626c15114,Cameron Percy,PGA,66.88,67.15,21,0.31,3.7000,3.9800,5.4600,2.4200
Wyndham Championship Test Market,2020-08-14T13:20:51.195714,estk_6bca21b626c15114e71bc53e996275e5,evt_6bca21b626c15114,Brian Gay,PGA,66.9,66.51,17,0.26,3.5200,4.1000,5.0800,2.0700
Wyndham Championship Test Market,2020-08-14T13:30:51.644360,estk_6bca21b626c151145e6a5c337da2b39d,evt_6bca21b626c15114,Matthias Schwab,PGA,70.52,73.89,21,0.25,8.1600,6.7500,9.4900,6.5600
Wyndham Championship Test Market,2020-08-14T13:30:51.644378,estk_6bca21b626c1511499495eb9a3c8aa25,evt_6bca21b626c15114,Kevin Kisner,PGA,66.1,72.95,28,0.32,7.1800,5.4900,8.9500,5.6500
Wyndham Championship Test Market,2020-08-14T13:30:51.644386,estk_6bca21b626c151141ca8635140548cc5,evt_6bca21b626c15114,Harris English,PGA,67.04,72.58,29,0.35,6.8300,6.9800,8.5700,5.6500
Wyndham Championship Test Market,2020-08-14T13:30:51.644432,estk_6bca21b626c15114e71bc53e996275e5,evt_6bca21b626c15114,Brian Gay,PGA,66.9,65.17,17,0.28,2.9900,4.1000,4.4700,2.0700
Wyndham Championship Test Market,2020-08-14T13:40:52.232240,estk_6bca21b626c1511403fcb99bd098267b,evt_6bca21b626c15114,Patrick Reed,PGA,78.09,81.1,28,0.32,14.9200,10.9700,16.5200,13.6500
Wyndham Championship Test Market,2020-08-14T13:40:52.232251,estk_6bca21b626c151145e6a5c337da2b39d,evt_6bca21b626c15114,Matthias Schwab,PGA,70.52,74.18,22,0.26,8.2300,6.7500,9.4900,6.6000
Wyndham Championship Test Market,2020-08-14T13:40:52.232256,estk_6bca21b626c151144e5af02280177635,evt_6bca21b626c15114,Si Woo Kim,PGA,68.37,74.44,30,0.35,8.1900,5.7700,10.2100,7.0800
Wyndham Championship Test Market,2020-08-14T13:40:52.232260,estk_6bca21b626c15114dda748b4200f22bf,evt_6bca21b626c15114,Paul Casey,PGA,70.47,73.92,26,0.32,7.8800,8.5500,9.7400,6.5900
Wyndham Championship Test Market,2020-08-14T13:40:52.232269,estk_6bca21b626c1511499495eb9a3c8aa25,evt_6bca21b626c15114,Kevin Kisner,PGA,66.1,73.29,29,0.33,7.3100,5.4900,8.9500,5.7000
Wyndham Championship Test Market,2020-08-14T13:40:52.232277,estk_6bca21b626c151141ca8635140548cc5,evt_6bca21b626c15114,Harris English,PGA,67.04,72.91,30,0.36,6.9500,6.9800,8.5700,5.6500
Wyndham Championship Test Market,2020-08-14T13:40:52.232304,estk_6bca21b626c151146cf2ca706ee5c6ba,evt_6bca21b626c15114,Zach Johnson,PGA,70.96,71.12,25,0.35,5.6200,6.9800,7.2800,4.1400
Wyndham Championship Test Market,2020-08-14T13:40:52.232312,estk_6bca21b626c15114727afcd55bf28e15,evt_6bca21b626c15114,Brandt Snedeker,PGA,68.02,70.57,25,0.33,5.2800,5.7800,6.9600,3.7900
Wyndham Championship Test Market,2020-08-14T13:40:52.232319,estk_6bca21b626c15114938149290ef83c69,evt_6bca21b626c15114,Cameron Percy,PGA,66.88,68.48,23,0.32,4.1900,3.9800,5.4600,2.6100
Wyndham Championship Test Market,2020-08-14T13:40:52.232324,estk_6bca21b626c151144c6653517cec92a3,evt_6bca21b626c15114,Russell Knox,PGA,68.26,68.42,22,0.32,4.0900,4.7500,5.4300,2.6300
Wyndham Championship Test Market,2020-08-14T13:40:52.232327,estk_6bca21b626c15114e71bc53e996275e5,evt_6bca21b626c15114,Brian Gay,PGA,66.9,65.5,18,0.29,2.9600,4.1000,4.4700,2.0700
Wyndham Championship Test Market,2020-08-14T13:50:52.771960,estk_6bca21b626c1511403fcb99bd098267b,evt_6bca21b626c15114,Patrick Reed,PGA,78.09,83.32,31,0.33,17.0000,10.9700,18.7200,15.1800
Wyndham Championship Test Market,2020-08-14T13:50:52.771994,estk_6bca21b626c15114dda748b4200f22bf,evt_6bca21b626c15114,Paul Casey,PGA,70.47,75.21,28,0.33,8.7000,8.5500,10.3900,7.1600
Wyndham Championship Test Market,2020-08-14T13:50:52.772003,estk_6bca21b626c151145e6a5c337da2b39d,evt_6bca21b626c15114,Matthias Schwab,PGA,70.52,74.77,24,0.28,8.4400,6.7500,9.6900,6.8400
Wyndham Championship Test Market,2020-08-14T13:50:52.772060,estk_6bca21b626c15114727afcd55bf28e15,evt_6bca21b626c15114,Brandt Snedeker,PGA,68.02,70.21,26,0.35,4.9800,5.7800,6.4900,3.7900
Wyndham Championship Test Market,2020-08-14T13:50:52.772064,estk_6bca21b626c15114938149290ef83c69,evt_6bca21b626c15114,Cameron Percy,PGA,66.88,68.81,24,0.33,4.2900,3.9800,5.4600,2.7000
Wyndham Championship Test Market,2020-08-14T13:50:52.772072,estk_6bca21b626c15114e71bc53e996275e5,evt_6bca21b626c15114,Brian Gay,PGA,66.9,65.16,19,0.31,2.7400,4.1000,4.4700,1.8700
Wyndham Championship Test Market,2020-08-14T14:00:53.295966,estk_6bca21b626c1511403fcb99bd098267b,evt_6bca21b626c15114,Patrick Reed,PGA,78.09,82.76,32,0.35,14.9400,10.9700,16.7200,13.1300
Wyndham Championship Test Market,2020-08-14T14:00:53.296002,estk_6bca21b626c151145e6a5c337da2b39d,evt_6bca21b626c15114,Matthias Schwab,PGA,70.52,75.07,25,0.29,8.5000,6.7500,10.1800,6.8700
Wyndham Championship Test Market,2020-08-14T14:00:53.296012,estk_6bca21b626c15114dda748b4200f22bf,evt_6bca21b626c15114,Paul Casey,PGA,70.47,74.81,29,0.35,8.1700,8.5500,9.7600,7.0500
Wyndham Championship Test Market,2020-08-14T14:00:53.296017,estk_6bca21b626c151144e5af02280177635,evt_6bca21b626c15114,Si Woo Kim,PGA,68.37,74.76,31,0.36,8.1600,5.7700,9.7600,7.0800
Wyndham Championship Test Market,2020-08-14T14:00:53.296029,estk_6bca21b626c1511499495eb9a3c8aa25,evt_6bca21b626c15114,Kevin Kisner,PGA,66.1,72.97,30,0.35,6.8500,5.4900,8.9500,5.7000
Wyndham Championship Test Market,2020-08-14T14:00:53.296045,estk_6bca21b626c151141ca8635140548cc5,evt_6bca21b626c15114,Harris English,PGA,67.04,72.56,31,0.38,6.4600,6.9800,8.5700,5.5700
Wyndham Championship Test Market,2020-08-14T14:00:53.296061,estk_6bca21b626c151146cf2ca706ee5c6ba,evt_6bca21b626c15114,Zach Johnson,PGA,70.96,71.41,26,0.36,5.8700,6.9800,7.2800,4.3000
Wyndham Championship Test Market,2020-08-14T14:00:53.296065,estk_6bca21b626c151144c6653517cec92a3,evt_6bca21b626c15114,Russell Knox,PGA,68.26,70.73,25,0.33,5.5300,4.7500,7.1500,3.9600
Wyndham Championship Test Market,2020-08-14T14:10:54.092345,estk_6bca21b626c151144e5af02280177635,evt_6bca21b626c15114,Si Woo Kim,PGA,68.37,74.39,32,0.38,7.8400,5.7700,9.7600,6.9400
Wyndham Championship Test Market,2020-08-14T14:10:54.092350,estk_6bca21b626c1511499495eb9a3c8aa25,evt_6bca21b626c15114,Kevin Kisner,PGA,66.1,74.3,32,0.36,7.7500,5.4900,9.4100,6.1000
Wyndham Championship Test Market,2020-08-14T14:10:54.092389,estk_6bca21b626c151146cf2ca706ee5c6ba,evt_6bca21b626c15114,Zach Johnson,PGA,70.96,71,27,0.38,5.5400,6.9800,7.2800,4.3000
Wyndham Championship Test Market,2020-08-14T14:10:54.092401,estk_6bca21b626c15114727afcd55bf28e15,evt_6bca21b626c15114,Brandt Snedeker,PGA,68.02,70.53,27,0.36,5.4400,5.7800,6.4900,3.7900
Wyndham Championship Test Market,2020-08-14T14:10:54.092405,estk_6bca21b626c151144c6653517cec92a3,evt_6bca21b626c15114,Russell Knox,PGA,68.26,70.37,26,0.35,5.3400,4.7500,7.1500,3.9600
Wyndham Championship Test Market,2020-08-14T14:10:54.092409,estk_6bca21b626c15114938149290ef83c69,evt_6bca21b626c15114,Cameron Percy,PGA,66.88,68.47,25,0.35,4.3100,3.9800,6.1400,2.9700
Wyndham Championship Test Market,2020-08-14T14:10:54.092413,estk_6bca21b626c15114e71bc53e996275e5,evt_6bca21b626c15114,Brian Gay,PGA,66.9,64.49,19,0.32,2.9000,4.1000,4.4700,1.8700
Wyndham Championship Test Market,2020-08-14T14:20:54.655775,estk_6bca21b626c1511403fcb99bd098267b,evt_6bca21b626c15114,Patrick Reed,PGA,78.09,82.98,33,0.36,15.2200,10.9700,16.7200,13.1500
Wyndham Championship Test Market,2020-08-14T14:20:54.655810,estk_6bca21b626c15114dda748b4200f22bf,evt_6bca21b626c15114,Paul Casey,PGA,70.47,75.1,30,0.36,8.3800,8.5500,9.7600,7.0500
Wyndham Championship Test Market,2020-08-14T14:20:54.655820,estk_6bca21b626c151145e6a5c337da2b39d,evt_6bca21b626c15114,Matthias Schwab,PGA,70.52,74.66,26,0.31,8.2100,6.7500,10.1800,6.9100
Wyndham Championship Test Market,2020-08-14T14:20:54.655828,estk_6bca21b626c1511499495eb9a3c8aa25,evt_6bca21b626c15114,Kevin Kisner,PGA,66.1,73.98,33,0.38,7.4900,5.4900,9.4100,6.1000
Wyndham Championship Test Market,2020-08-14T14:20:54.655845,estk_6bca21b626c151141ca8635140548cc5,evt_6bca21b626c15114,Harris English,PGA,67.04,72.89,32,0.39,6.7500,6.9800,8.1100,5.4600
Wyndham Championship Test Market,2020-08-14T14:20:54.655883,estk_6bca21b626c15114727afcd55bf28e15,evt_6bca21b626c15114,Brandt Snedeker,PGA,68.02,70.17,28,0.38,5.1500,5.7800,6.9200,3.8100
Wyndham Championship Test Market,2020-08-14T14:20:54.655887,estk_6bca21b626c15114938149290ef83c69,evt_6bca21b626c15114,Cameron Percy,PGA,66.88,67.8,25,0.36,4.0500,3.9800,5.6100,2.9700
Wyndham Championship Test Market,2020-08-14T14:30:55.015551,estk_6bca21b626c151144e5af02280177635,evt_6bca21b626c15114,Si Woo Kim,PGA,68.37,75.71,34,0.39,8.7400,5.7700,10.4000,7.0500
Wyndham Championship Test Market,2020-08-14T14:30:55.015570,estk_6bca21b626c151141ca8635140548cc5,evt_6bca21b626c15114,Harris English,PGA,67.04,74.22,34,0.4,7.5200,6.9800,9.1900,5.9600
Wyndham Championship Test Market,2020-08-14T14:30:55.015613,estk_6bca21b626c151146cf2ca706ee5c6ba,evt_6bca21b626c15114,Zach Johnson,PGA,70.96,71.29,28,0.39,5.6300,6.9800,7.2800,4.3000
Wyndham Championship Test Market,2020-08-14T14:30:55.015626,estk_6bca21b626c151144c6653517cec92a3,evt_6bca21b626c15114,Russell Knox,PGA,68.26,70.69,27,0.36,5.3300,4.7500,7.1500,3.9600
Wyndham Championship Test Market,2020-08-14T14:30:55.015633,estk_6bca21b626c15114938149290ef83c69,evt_6bca21b626c15114,Cameron Percy,PGA,66.88,67.47,26,0.38,3.7300,3.9800,5.6100,2.8100
