name,time,id,event_id,stock_name,sector,fantasy_points_projected,fantasy_points_projected_live,fantasy_points_scored,amount_completed,estimated_price,last_price,ask_price,bid_price
$50 NBA Daily 8/12,2020-08-11T16:00:10.016677,estk_286a090bdf27e1246cb399d24c249554,evt_286a090bdf27e124,Nikola Jokic,NBA,47.3,,,,,,,
$50 NBA Daily 8/12,2020-08-11T16:00:10.016707,estk_286a090bdf27e124bb115bd4f54ff319,evt_286a090bdf27e124,Kawhi Leonard,NBA,38.66,,,,,,,
$50 NBA Daily 8/12,2020-08-11T16:00:10.016716,estk_286a090bdf27e12486ea8af848cca3f6,evt_286a090bdf27e124,Chris Paul,NBA,36.01,,,,,,,
$50 NBA Daily 8/12,2020-08-11T16:00:10.016720,estk_286a090bdf27e124f59563a6406f63f4,evt_286a090bdf27e124,Paul George,NBA,35.62,,,,,,,
$50 NBA Daily 8/12,2020-08-11T16:00:10.016724,estk_286a090bdf27e1247c131e7cfd4ca8ad,evt_286a090bdf27e124,Pascal Siakam,NBA,33.71,,,,,,,
$50 NBA Daily 8/12,2020-08-11T16:00:10.016729,estk_286a090bdf27e124ea1a2c64334f4806,evt_286a090bdf27e124,Jimmy Butler,NBA,30.88,,,,,,,
$50 NBA Daily 8/12,2020-08-11T16:00:10.016733,estk_286a090bdf27e1247606efecc2a97236,evt_286a090bdf27e124,Bam Adebayo,NBA,30.88,,,,,,,
$50 NBA Daily 8/12,2020-08-11T16:00:10.016737,estk_286a090bdf27e124cc28fb3568e3a1d6,evt_286a090bdf27e124,Kyle Lowry,NBA,30.68,,,,,,,
$50 NBA Daily 8/12,2020-08-11T16:00:10.016741,estk_286a090bdf27e12463a58b55849249a4,evt_286a090bdf27e124,Al Horford,NBA,30.04,,,,,,,
$50 NBA Daily 8/12,2020-08-11T16:00:10.016745,estk_286a090bdf27e12477c3d3d4d8ad15c5,evt_286a090bdf27e124,Tobias Harris,NBA,28.36,,,,,,,
$50 NBA Daily 8/12,2020-08-11T16:00:10.016750,estk_286a090bdf27e124d4dffde4be5e9336,evt_286a090bdf27e124,Jamal Murray,NBA,28.22,,,,,,,
$50 NBA Daily 8/12,2020-08-11T16:00:10.016754,estk_286a090bdf27e12433aee19dae855240,evt_286a090bdf27e124,Shai Gilgeous-Alexander,NBA,26.88,,,,,,,
$50 NBA Daily 8/12,2020-08-11T16:00:10.016758,estk_286a090bdf27e12493b3dc565aebb459,evt_286a090bdf27e124,Michael Porter,NBA,26.56,,,,,,,
$50 NBA Daily 8/12,2020-08-11T16:00:10.016762,estk_286a090bdf27e124cd439276c8d11f5d,evt_286a090bdf27e124,Fred VanVleet,NBA,25.92,,,,,,,
$50 NBA Daily 8/12,2020-08-11T16:00:10.016766,estk_286a090bdf27e1246e1b2c66fb087a89,evt_286a090bdf27e124,Danilo Gallinari,NBA,25.49,,,,,,,
$50 NBA Daily 8/12,2020-08-11T16:00:10.016770,estk_286a090bdf27e124b3147c681557a264,evt_286a090bdf27e124,Josh Richardson,NBA,25.07,,,,,,,
$50 NBA Daily 8/12,2020-08-11T16:00:10.016774,estk_286a090bdf27e1244d546eba965e40a0,evt_286a090bdf27e124,Steven Adams,NBA,24.83,,,,,,,
$50 NBA Daily 8/12,2020-08-11T16:00:10.016778,estk_286a090bdf27e12463cd57f03c75f817,evt_286a090bdf27e124,Paul Millsap,NBA,23.56,,,,,,,
$50 NBA Daily 8/12,2020-08-11T16:00:10.016782,estk_286a090bdf27e1249c697d220453d606,evt_286a090bdf27e124,Goran Dragic,NBA,23.33,,,,,,,
$50 NBA Daily 8/12,2020-08-11T16:00:10.016785,estk_286a090bdf27e1245cdd05960889fa04,evt_286a090bdf27e124,Serge Ibaka,NBA,23.05,,,,,,,
$50 NBA Daily 8/12,2020-08-11T16:00:10.016789,estk_286a090bdf27e12457693decb131a860,evt_286a090bdf27e124,Lou Williams,NBA,22.79,,,,,,,
$50 NBA Daily 8/12,2020-08-11T16:00:10.016793,estk_286a090bdf27e124ce8e428feaa184fb,evt_286a090bdf27e124,Dennis Schroder,NBA,22.71,,,,,,,
$50 NBA Daily 8/12,2020-08-11T16:00:10.016797,estk_286a090bdf27e124d846b1bc06a60007,evt_286a090bdf27e124,Marc Gasol,NBA,22.51,,,,,,,
$50 NBA Daily 8/12,2020-08-11T16:00:10.016801,estk_286a090bdf27e1240483c685aa422392,evt_286a090bdf27e124,Kelly Olynyk,NBA,22.36,,,,,,,
$50 NBA Daily 8/12,2020-08-11T16:00:10.016805,estk_286a090bdf27e12485e7a39b281a7530,evt_286a090bdf27e124,Ivica Zubac,NBA,22.05,,,,,,,
$50 NBA Daily 8/12,2020-08-11T16:00:10.016809,estk_286a090bdf27e12429f4c1657b835f2a,evt_286a090bdf27e124,Will Barton,NBA,21.2,,,,,,,
$50 NBA Daily 8/12,2020-08-11T16:00:10.016813,estk_286a090bdf27e1246de03cb5c6424ccc,evt_286a090bdf27e124,Norman Powell,NBA,19.56,,,,,,,
$50 NBA Daily 8/12,2020-08-11T16:00:10.016817,estk_286a090bdf27e1245f7238ac84504d30,evt_286a090bdf27e124,Jerami Grant,NBA,18.91,,,,,,,
$50 NBA Daily 8/12,2020-08-11T16:00:10.016821,estk_286a090bdf27e124917294b6d366ae0e,evt_286a090bdf27e124,Jae Crowder,NBA,18.2,,,,,,,
$50 NBA Daily 8/12,2020-08-11T16:00:10.016825,estk_286a090bdf27e12482db34a5ef5dff8e,evt_286a090bdf27e124,OG Anunoby,NBA,18.17,,,,,,,
$50 NBA Daily 8/12,2020-08-11T16:00:10.016828,estk_286a090bdf27e1246e82fa5f30bdfa80,evt_286a090bdf27e124,Marcus Morris,NBA,17.67,,,,,,,
$50 NBA Daily 8/12,2020-08-11T16:00:10.016832,estk_286a090bdf27e124a1e25447b314f889,evt_286a090bdf27e124,Shake Milton,NBA,17.26,,,,,,,
$50 NBA Daily 8/12,2020-08-11T16:00:10.016836,estk_286a090bdf27e124ea479abf3beddc59,evt_286a090bdf27e124,Gary Harris,NBA,17,,,,,,,
$50 NBA Daily 8/12,2020-08-11T16:00:10.016839,estk_286a090bdf27e124575ca725abf50fd3,evt_286a090bdf27e124,Alec Burks,NBA,16.99,,,,,,,
$50 NBA Daily 8/12,2020-08-11T16:00:10.016843,estk_286a090bdf27e12460935204130384bb,evt_286a090bdf27e124,Mason Plumlee,NBA,16.94,,,,,,,
$50 NBA Daily 8/12,2020-08-11T16:00:10.016847,estk_286a090bdf27e124f101f1906b677e1c,evt_286a090bdf27e124,JaMychal Green,NBA,16.89,,,,,,,
$50 NBA Daily 8/12,2020-08-11T16:00:10.016851,estk_286a090bdf27e12442bc562558c2576c,evt_286a090bdf27e124,Duncan Robinson,NBA,16.64,,,,,,,
$50 NBA Daily 8/12,2020-08-11T16:00:10.016855,estk_286a090bdf27e1240b5bea604e9b515d,evt_286a090bdf27e124,Nerlens Noel,NBA,16.49,,,,,,,
$50 NBA Daily 8/12,2020-08-11T16:00:10.016858,estk_286a090bdf27e12438c0f853b03a1530,evt_286a090bdf27e124,Monte Morris,NBA,15.92,,,,,,,
$50 NBA Daily 8/12,2020-08-11T16:00:10.016862,estk_286a090bdf27e12485078b5202b93fb5,evt_286a090bdf27e124,Luguentz Dort,NBA,15.73,,,,,,,
$50 NBA Daily 8/12,2020-08-11T16:00:10.016866,estk_286a090bdf27e124b402a1af1291a618,evt_286a090bdf27e124,Patrick Beverley,NBA,15.69,,,,,,,
$50 NBA Daily 8/12,2020-08-11T16:00:10.016870,estk_286a090bdf27e1248b0372db86dba9af,evt_286a090bdf27e124,Furkan Korkmaz,NBA,15.6,,,,,,,
$50 NBA Daily 8/12,2020-08-11T16:00:10.016874,estk_286a090bdf27e124e9aea717e9a5e7f3,evt_286a090bdf27e124,Reggie Jackson,NBA,15.28,,,,,,,
$50 NBA Daily 8/12,2020-08-11T16:00:10.016878,estk_286a090bdf27e1241fb136f015ee25f6,evt_286a090bdf27e124,Tyler Herro,NBA,14.22,,,,,,,
$50 NBA Daily 8/12,2020-08-11T16:00:10.016881,estk_286a090bdf27e124d5d16483f5148c0b,evt_286a090bdf27e124,Darius Bazley,NBA,13.16,,,,,,,
$50 NBA Daily 8/12,2020-08-11T16:00:10.016885,estk_286a090bdf27e124f7a31aec0adc59e2,evt_286a090bdf27e124,Landry Shamet,NBA,12.63,,,,,,,
$50 NBA Daily 8/12,2020-08-11T16:00:10.016888,estk_286a090bdf27e12489a4b98163393691,evt_286a090bdf27e124,Raul Neto,NBA,4.02,,,,,,,
$50 NBA Daily 8/12,2020-08-11T16:00:10.016893,estk_286a090bdf27e1247a763361bd2f9a08,evt_286a090bdf27e124,Joel Embiid,NBA,0,,,,,,,
$50 NBA Daily 8/12,2020-08-11T16:29:21.595143,estk_286a090bdf27e1246cb399d24c249554,evt_286a090bdf27e124,Nikola Jokic,NBA,47.3,,,,15.3400,1.2200,,
$50 NBA Daily 8/12,2020-08-11T16:29:21.595171,estk_286a090bdf27e124bb115bd4f54ff319,evt_286a090bdf27e124,Kawhi Leonard,NBA,38.66,,,,10.8700,1.1500,,
$50 NBA Daily 8/12,2020-08-11T16:29:21.595176,estk_286a090bdf27e124f59563a6406f63f4,evt_286a090bdf27e124,Paul George,NBA,35.62,,,,9.3700,1.1300,,
$50 NBA Daily 8/12,2020-08-11T16:29:21.595180,estk_286a090bdf27e12486ea8af848cca3f6,evt_286a090bdf27e124,Chris Paul,NBA,32.73,,,,8.0300,1.1100,,
$50 NBA Daily 8/12,2020-08-11T16:29:21.595184,estk_286a090bdf27e1247c131e7cfd4ca8ad,evt_286a090bdf27e124,Pascal Siakam,NBA,31.79,,,,7.7300,1.1000,,
$50 NBA Daily 8/12,2020-08-11T16:29:21.595188,estk_286a090bdf27e124ea1a2c64334f4806,evt_286a090bdf27e124,Jimmy Butler,NBA,29.94,,,,6.8700,1.0900,,
$50 NBA Daily 8/12,2020-08-11T16:29:21.595193,estk_286a090bdf27e12463a58b55849249a4,evt_286a090bdf27e124,Al Horford,NBA,30.04,,,,6.8300,1.0900,,
$50 NBA Daily 8/12,2020-08-11T16:29:21.595196,estk_286a090bdf27e124cd439276c8d11f5d,evt_286a090bdf27e124,Fred VanVleet,NBA,29.37,,,,6.7400,1.0900,,
$50 NBA Daily 8/12,2020-08-11T16:29:21.595200,estk_286a090bdf27e124d4dffde4be5e9336,evt_286a090bdf27e124,Jamal Murray,NBA,28.22,,,,6.2400,1.0800,,
$50 NBA Daily 8/12,2020-08-11T16:29:21.595203,estk_286a090bdf27e12477c3d3d4d8ad15c5,evt_286a090bdf27e124,Tobias Harris,NBA,28.36,,,,6.2300,1.0800,,
$50 NBA Daily 8/12,2020-08-11T16:29:21.595207,estk_286a090bdf27e124cc28fb3568e3a1d6,evt_286a090bdf27e124,Kyle Lowry,NBA,28.13,,,,6.2200,1.0800,,
$50 NBA Daily 8/12,2020-08-11T16:29:21.595211,estk_286a090bdf27e12433aee19dae855240,evt_286a090bdf27e124,Shai Gilgeous-Alexander,NBA,27.7,,,,6.0000,1.0800,,
$50 NBA Daily 8/12,2020-08-11T16:29:21.595214,estk_286a090bdf27e12493b3dc565aebb459,evt_286a090bdf27e124,Michael Porter,NBA,26.56,,,,5.6800,1.0700,,
$50 NBA Daily 8/12,2020-08-11T16:29:21.595218,estk_286a090bdf27e1247606efecc2a97236,evt_286a090bdf27e124,Bam Adebayo,NBA,25.9,,,,5.4600,1.0700,,
$50 NBA Daily 8/12,2020-08-11T16:29:21.595221,estk_286a090bdf27e1244d546eba965e40a0,evt_286a090bdf27e124,Steven Adams,NBA,24.83,,,,5.1400,1.0600,,
$50 NBA Daily 8/12,2020-08-11T16:29:21.595224,estk_286a090bdf27e124b3147c681557a264,evt_286a090bdf27e124,Josh Richardson,NBA,25.07,,,,5.1300,1.0600,,
$50 NBA Daily 8/12,2020-08-11T16:29:21.595228,estk_286a090bdf27e12463cd57f03c75f817,evt_286a090bdf27e124,Paul Millsap,NBA,23.56,,,,4.7100,1.0600,,
$50 NBA Daily 8/12,2020-08-11T16:29:21.595232,estk_286a090bdf27e1249c697d220453d606,evt_286a090bdf27e124,Goran Dragic,NBA,23.33,,,,4.6000,1.0500,,
$50 NBA Daily 8/12,2020-08-11T16:29:21.595235,estk_286a090bdf27e12457693decb131a860,evt_286a090bdf27e124,Lou Williams,NBA,22.79,,,,4.4900,1.0500,,
$50 NBA Daily 8/12,2020-08-11T16:29:21.595239,estk_286a090bdf27e1240483c685aa422392,evt_286a090bdf27e124,Kelly Olynyk,NBA,22.36,,,,4.3200,1.0500,,
$50 NBA Daily 8/12,2020-08-11T16:29:21.595242,estk_286a090bdf27e12485e7a39b281a7530,evt_286a090bdf27e124,Ivica Zubac,NBA,22.05,,,,4.3200,1.0500,,
$50 NBA Daily 8/12,2020-08-11T16:29:21.595245,estk_286a090bdf27e12429f4c1657b835f2a,evt_286a090bdf27e124,Will Barton,NBA,21.2,,,,4.0300,1.0500,,
$50 NBA Daily 8/12,2020-08-11T16:29:21.595249,estk_286a090bdf27e1245cdd05960889fa04,evt_286a090bdf27e124,Serge Ibaka,NBA,21.14,,,,4.0100,1.0500,,
$50 NBA Daily 8/12,2020-08-11T16:29:21.595252,estk_286a090bdf27e124d846b1bc06a60007,evt_286a090bdf27e124,Marc Gasol,NBA,20.64,,,,3.8600,1.0400,,
$50 NBA Daily 8/12,2020-08-11T16:29:21.595256,estk_286a090bdf27e1245f7238ac84504d30,evt_286a090bdf27e124,Jerami Grant,NBA,18.91,,,,3.5200,1.0400,,
$50 NBA Daily 8/12,2020-08-11T16:29:21.595260,estk_286a090bdf27e124917294b6d366ae0e,evt_286a090bdf27e124,Jae Crowder,NBA,18.89,,,,3.4500,1.0400,,
$50 NBA Daily 8/12,2020-08-11T16:29:21.595264,estk_286a090bdf27e12442bc562558c2576c,evt_286a090bdf27e124,Duncan Robinson,NBA,17.74,,,,3.2500,1.0300,,
$50 NBA Daily 8/12,2020-08-11T16:29:21.595271,estk_286a090bdf27e1246e82fa5f30bdfa80,evt_286a090bdf27e124,Marcus Morris,NBA,17.67,,,,3.2200,1.0300,,
$50 NBA Daily 8/12,2020-08-11T16:29:21.595275,estk_286a090bdf27e124a1e25447b314f889,evt_286a090bdf27e124,Shake Milton,NBA,17.26,,,,3.1600,1.0300,,
$50 NBA Daily 8/12,2020-08-11T16:29:21.595278,estk_286a090bdf27e124575ca725abf50fd3,evt_286a090bdf27e124,Alec Burks,NBA,16.99,,,,3.1100,1.0300,,
$50 NBA Daily 8/12,2020-08-11T16:29:21.595281,estk_286a090bdf27e12482db34a5ef5dff8e,evt_286a090bdf27e124,OG Anunoby,NBA,16.96,,,,3.1100,1.0300,,
$50 NBA Daily 8/12,2020-08-11T16:29:21.595285,estk_286a090bdf27e12485078b5202b93fb5,evt_286a090bdf27e124,Luguentz Dort,NBA,16.86,,,,3.0700,1.0300,,
$50 NBA Daily 8/12,2020-08-11T16:29:21.595289,estk_286a090bdf27e1246de03cb5c6424ccc,evt_286a090bdf27e124,Norman Powell,NBA,16.95,,,,3.0600,1.0300,,
$50 NBA Daily 8/12,2020-08-11T16:29:21.595292,estk_286a090bdf27e12460935204130384bb,evt_286a090bdf27e124,Mason Plumlee,NBA,16.94,,,,3.0600,1.0300,,
$50 NBA Daily 8/12,2020-08-11T16:29:21.595296,estk_286a090bdf27e124ea479abf3beddc59,evt_286a090bdf27e124,Gary Harris,NBA,17,,,,3.0400,1.0300,,
$50 NBA Daily 8/12,2020-08-11T16:29:21.595300,estk_286a090bdf27e124f101f1906b677e1c,evt_286a090bdf27e124,JaMychal Green,NBA,16.89,,,,3.0000,1.0300,,
$50 NBA Daily 8/12,2020-08-11T16:29:21.595304,estk_286a090bdf27e12438c0f853b03a1530,evt_286a090bdf27e124,Monte Morris,NBA,15.92,,,,2.8500,1.0300,,
$50 NBA Daily 8/12,2020-08-11T16:29:21.595308,estk_286a090bdf27e124b402a1af1291a618,evt_286a090bdf27e124,Patrick Beverley,NBA,15.69,,,,2.8300,1.0300,,
$50 NBA Daily 8/12,2020-08-11T16:29:21.595311,estk_286a090bdf27e1241fb136f015ee25f6,evt_286a090bdf27e124,Tyler Herro,NBA,15.45,,,,2.8300,1.0300,,
$50 NBA Daily 8/12,2020-08-11T16:29:21.595314,estk_286a090bdf27e1240b5bea604e9b515d,evt_286a090bdf27e124,Nerlens Noel,NBA,15.59,,,,2.8000,1.0300,,
$50 NBA Daily 8/12,2020-08-11T16:29:21.595317,estk_286a090bdf27e1248b0372db86dba9af,evt_286a090bdf27e124,Furkan Korkmaz,NBA,15.6,,,,2.7900,1.0300,,
$50 NBA Daily 8/12,2020-08-11T16:29:21.595321,estk_286a090bdf27e124e9aea717e9a5e7f3,evt_286a090bdf27e124,Reggie Jackson,NBA,15.28,,,,2.7400,1.0300,,
$50 NBA Daily 8/12,2020-08-11T16:29:21.595327,estk_286a090bdf27e124d5d16483f5148c0b,evt_286a090bdf27e124,Darius Bazley,NBA,12.6,,,,2.3500,1.0200,,
$50 NBA Daily 8/12,2020-08-11T16:29:21.595331,estk_286a090bdf27e124f7a31aec0adc59e2,evt_286a090bdf27e124,Landry Shamet,NBA,12.63,,,,2.3300,1.0200,,
$50 NBA Daily 8/12,2020-08-11T16:29:21.595335,estk_286a090bdf27e12489a4b98163393691,evt_286a090bdf27e124,Raul Neto,NBA,4.02,,,,1.4800,1.0100,,
$50 NBA Daily 8/12,2020-08-11T16:29:21.595338,estk_286a090bdf27e1247a763361bd2f9a08,evt_286a090bdf27e124,Joel Embiid,NBA,0,,,,1.0000,1.0000,,
$50 NBA Daily 8/12,2020-08-11T16:29:21.595341,estk_286a090bdf27e1246e1b2c66fb087a89,evt_286a090bdf27e124,Danilo Gallinari,NBA,0,,,,1.0000,1.0100,,
$50 NBA Daily 8/12,2020-08-11T16:29:21.595345,estk_286a090bdf27e124ce8e428feaa184fb,evt_286a090bdf27e124,Dennis Schroder,NBA,0,,,,1.0000,1.0100,,
$50 NBA Daily 8/12,2020-08-12T16:16:24.007822,estk_286a090bdf27e1246cb399d24c249554,evt_286a090bdf27e124,Nikola Jokic,NBA,47.3,,,,14.9200,13.1700,,
$50 NBA Daily 8/12,2020-08-12T16:16:24.007851,estk_286a090bdf27e124bb115bd4f54ff319,evt_286a090bdf27e124,Kawhi Leonard,NBA,39.85,,,,11.1800,9.7000,,
$50 NBA Daily 8/12,2020-08-12T16:16:24.007856,estk_286a090bdf27e124f59563a6406f63f4,evt_286a090bdf27e124,Paul George,NBA,35.64,,,,9.1900,7.8800,,
$50 NBA Daily 8/12,2020-08-12T16:16:24.007860,estk_286a090bdf27e12486ea8af848cca3f6,evt_286a090bdf27e124,Chris Paul,NBA,32.73,,,,7.9100,6.9500,,
$50 NBA Daily 8/12,2020-08-12T16:16:24.007863,estk_286a090bdf27e1247c131e7cfd4ca8ad,evt_286a090bdf27e124,Pascal Siakam,NBA,31.79,,,,7.5000,6.4800,,
$50 NBA Daily 8/12,2020-08-12T16:16:24.007868,estk_286a090bdf27e12463a58b55849249a4,evt_286a090bdf27e124,Al Horford,NBA,30.04,,,,6.8700,5.8100,,
$50 NBA Daily 8/12,2020-08-12T16:16:24.007872,estk_286a090bdf27e124ea1a2c64334f4806,evt_286a090bdf27e124,Jimmy Butler,NBA,29.94,,,,6.8600,5.7500,,
$50 NBA Daily 8/12,2020-08-12T16:16:24.007875,estk_286a090bdf27e124cd439276c8d11f5d,evt_286a090bdf27e124,Fred VanVleet,NBA,29.37,,,,6.7200,5.5500,,
$50 NBA Daily 8/12,2020-08-12T16:16:24.007879,estk_286a090bdf27e12477c3d3d4d8ad15c5,evt_286a090bdf27e124,Tobias Harris,NBA,28.37,,,,6.2900,5.2300,,
$50 NBA Daily 8/12,2020-08-12T16:16:24.007883,estk_286a090bdf27e124d4dffde4be5e9336,evt_286a090bdf27e124,Jamal Murray,NBA,28.22,,,,6.2900,5.2100,,
$50 NBA Daily 8/12,2020-08-12T16:16:24.007886,estk_286a090bdf27e124cc28fb3568e3a1d6,evt_286a090bdf27e124,Kyle Lowry,NBA,28.13,,,,6.1900,5.1600,,
$50 NBA Daily 8/12,2020-08-12T16:16:24.007890,estk_286a090bdf27e12433aee19dae855240,evt_286a090bdf27e124,Shai Gilgeous-Alexander,NBA,27.7,,,,6.1000,5.0600,,
$50 NBA Daily 8/12,2020-08-12T16:16:24.007894,estk_286a090bdf27e12493b3dc565aebb459,evt_286a090bdf27e124,Michael Porter,NBA,26.56,,,,5.6800,4.7500,,
$50 NBA Daily 8/12,2020-08-12T16:16:24.007898,estk_286a090bdf27e1247606efecc2a97236,evt_286a090bdf27e124,Bam Adebayo,NBA,25.9,,,,5.4600,4.5700,,
$50 NBA Daily 8/12,2020-08-12T16:16:24.007901,estk_286a090bdf27e12485e7a39b281a7530,evt_286a090bdf27e124,Ivica Zubac,NBA,25.05,,,,5.2300,4.3700,,
$50 NBA Daily 8/12,2020-08-12T16:16:24.007905,estk_286a090bdf27e124b3147c681557a264,evt_286a090bdf27e124,Josh Richardson,NBA,25.07,,,,5.1800,4.3400,,
$50 NBA Daily 8/12,2020-08-12T16:16:24.007909,estk_286a090bdf27e1244d546eba965e40a0,evt_286a090bdf27e124,Steven Adams,NBA,24.83,,,,5.0700,4.3100,,
$50 NBA Daily 8/12,2020-08-12T16:16:24.007912,estk_286a090bdf27e12463cd57f03c75f817,evt_286a090bdf27e124,Paul Millsap,NBA,23.56,,,,4.7600,4.0100,,
$50 NBA Daily 8/12,2020-08-12T16:16:24.007916,estk_286a090bdf27e1249c697d220453d606,evt_286a090bdf27e124,Goran Dragic,NBA,23.33,,,,4.6700,3.9800,,
$50 NBA Daily 8/12,2020-08-12T16:16:24.007920,estk_286a090bdf27e12457693decb131a860,evt_286a090bdf27e124,Lou Williams,NBA,22.77,,,,4.6200,3.8800,,
$50 NBA Daily 8/12,2020-08-12T16:16:24.007924,estk_286a090bdf27e124e9aea717e9a5e7f3,evt_286a090bdf27e124,Reggie Jackson,NBA,22.93,,,,4.5900,3.8600,,
$50 NBA Daily 8/12,2020-08-12T16:16:24.007928,estk_286a090bdf27e1246e1b2c66fb087a89,evt_286a090bdf27e124,Danilo Gallinari,NBA,22.85,,,,4.5500,3.8400,,
$50 NBA Daily 8/12,2020-08-12T16:16:24.007931,estk_286a090bdf27e1240483c685aa422392,evt_286a090bdf27e124,Kelly Olynyk,NBA,22.36,,,,4.4100,3.7500,,
$50 NBA Daily 8/12,2020-08-12T16:16:24.007935,estk_286a090bdf27e1246e82fa5f30bdfa80,evt_286a090bdf27e124,Marcus Morris,NBA,21.21,,,,4.1300,3.5100,,
$50 NBA Daily 8/12,2020-08-12T16:16:24.007939,estk_286a090bdf27e1245cdd05960889fa04,evt_286a090bdf27e124,Serge Ibaka,NBA,21.14,,,,4.0500,3.5000,,
$50 NBA Daily 8/12,2020-08-12T16:16:24.007942,estk_286a090bdf27e124d846b1bc06a60007,evt_286a090bdf27e124,Marc Gasol,NBA,20.64,,,,3.9900,3.3900,,
$50 NBA Daily 8/12,2020-08-12T16:16:24.007946,estk_286a090bdf27e1245f7238ac84504d30,evt_286a090bdf27e124,Jerami Grant,NBA,18.91,,,,3.5800,3.0800,,
$50 NBA Daily 8/12,2020-08-12T16:16:24.007949,estk_286a090bdf27e124917294b6d366ae0e,evt_286a090bdf27e124,Jae Crowder,NBA,18.89,,,,3.5600,3.0800,,
$50 NBA Daily 8/12,2020-08-12T16:16:24.007953,estk_286a090bdf27e12442bc562558c2576c,evt_286a090bdf27e124,Duncan Robinson,NBA,17.74,,,,3.2900,2.8800,,
$50 NBA Daily 8/12,2020-08-12T16:16:24.007956,estk_286a090bdf27e124575ca725abf50fd3,evt_286a090bdf27e124,Alec Burks,NBA,17.08,,,,3.2300,2.7800,,
$50 NBA Daily 8/12,2020-08-12T16:16:24.007960,estk_286a090bdf27e124a1e25447b314f889,evt_286a090bdf27e124,Shake Milton,NBA,17.18,,,,3.2100,2.8200,,
$50 NBA Daily 8/12,2020-08-12T16:16:24.007964,estk_286a090bdf27e12460935204130384bb,evt_286a090bdf27e124,Mason Plumlee,NBA,16.94,,,,3.1700,2.7500,,
$50 NBA Daily 8/12,2020-08-12T16:16:24.007968,estk_286a090bdf27e124f101f1906b677e1c,evt_286a090bdf27e124,JaMychal Green,NBA,16.89,,,,3.1700,2.7400,,
$50 NBA Daily 8/12,2020-08-12T16:16:24.007971,estk_286a090bdf27e12482db34a5ef5dff8e,evt_286a090bdf27e124,OG Anunoby,NBA,16.96,,,,3.1600,2.7600,,
$50 NBA Daily 8/12,2020-08-12T16:16:24.007975,estk_286a090bdf27e1246de03cb5c6424ccc,evt_286a090bdf27e124,Norman Powell,NBA,16.95,,,,3.1600,2.7600,,
$50 NBA Daily 8/12,2020-08-12T16:16:24.007979,estk_286a090bdf27e12438c0f853b03a1530,evt_286a090bdf27e124,Monte Morris,NBA,15.92,,,,2.9600,2.6000,,
$50 NBA Daily 8/12,2020-08-12T16:16:24.007983,estk_286a090bdf27e1241fb136f015ee25f6,evt_286a090bdf27e124,Tyler Herro,NBA,15.45,,,,2.8900,2.5500,,
$50 NBA Daily 8/12,2020-08-12T16:16:24.007986,estk_286a090bdf27e1248b0372db86dba9af,evt_286a090bdf27e124,Furkan Korkmaz,NBA,15.29,,,,2.8900,2.5200,,
$50 NBA Daily 8/12,2020-08-12T16:16:24.007993,estk_286a090bdf27e12485078b5202b93fb5,evt_286a090bdf27e124,Luguentz Dort,NBA,15.18,,,,2.8600,2.5100,,
$50 NBA Daily 8/12,2020-08-12T16:16:24.007996,estk_286a090bdf27e1240b5bea604e9b515d,evt_286a090bdf27e124,Nerlens Noel,NBA,14.66,,,,2.7400,2.4400,,
$50 NBA Daily 8/12,2020-08-12T16:16:24.008000,estk_286a090bdf27e124d5d16483f5148c0b,evt_286a090bdf27e124,Darius Bazley,NBA,12.6,,,,2.4200,2.1900,,
$50 NBA Daily 8/12,2020-08-12T16:16:24.008003,estk_286a090bdf27e12489a4b98163393691,evt_286a090bdf27e124,Raul Neto,NBA,4.08,,,,1.5600,1.5100,,
$50 NBA Daily 8/12,2020-08-12T16:16:24.008007,estk_286a090bdf27e124b402a1af1291a618,evt_286a090bdf27e124,Patrick Beverley,NBA,0,,,,1.0000,1.3600,,
$50 NBA Daily 8/12,2020-08-12T16:16:24.008010,estk_286a090bdf27e124ce8e428feaa184fb,evt_286a090bdf27e124,Dennis Schroder,NBA,0,,,,1.0000,1.0100,,
$50 NBA Daily 8/12,2020-08-12T16:16:24.008013,estk_286a090bdf27e1247a763361bd2f9a08,evt_286a090bdf27e124,Joel Embiid,NBA,0,,,,1.0000,1.0000,,
$50 NBA Daily 8/12,2020-08-12T16:16:24.008017,estk_286a090bdf27e12429f4c1657b835f2a,evt_286a090bdf27e124,Will Barton,NBA,0,,,,1.0000,1.4800,,
$50 NBA Daily 8/12,2020-08-12T16:16:24.008020,estk_286a090bdf27e124ea479abf3beddc59,evt_286a090bdf27e124,Gary Harris,NBA,0,,,,1.0000,1.3200,,
$50 NBA Daily 8/12,2020-08-12T16:16:24.008024,estk_286a090bdf27e124f7a31aec0adc59e2,evt_286a090bdf27e124,Landry Shamet,NBA,0,,,,1.0000,1.2600,,
$50 NBA Daily 8/12,2020-08-12T20:58:53.588348,estk_286a090bdf27e1246cb399d24c249554,evt_286a090bdf27e124,Nikola Jokic,NBA,44.51,44.51,0,0,12.3500,14.4100,14.0000,
$50 NBA Daily 8/12,2020-08-12T20:58:53.588377,estk_286a090bdf27e1247a763361bd2f9a08,evt_286a090bdf27e124,Joel Embiid,NBA,42.88,42.88,0,0,11.5500,13.3900,13.2800,
$50 NBA Daily 8/12,2020-08-12T20:58:53.588383,estk_286a090bdf27e124bb115bd4f54ff319,evt_286a090bdf27e124,Kawhi Leonard,NBA,39.85,39.85,0,0,10.2000,11.4900,11.9000,
$50 NBA Daily 8/12,2020-08-12T20:58:53.588388,estk_286a090bdf27e124f59563a6406f63f4,evt_286a090bdf27e124,Paul George,NBA,35.64,35.64,0,0,8.4700,9.2100,10.1400,
$50 NBA Daily 8/12,2020-08-12T20:58:53.588392,estk_286a090bdf27e12486ea8af848cca3f6,evt_286a090bdf27e124,Chris Paul,NBA,32.73,32.73,0,0,7.4600,7.7500,8.9800,
$50 NBA Daily 8/12,2020-08-12T20:58:53.588396,estk_286a090bdf27e12493b3dc565aebb459,evt_286a090bdf27e124,Michael Porter,NBA,32.47,32.47,0,0,7.2600,7.6200,8.9100,
$50 NBA Daily 8/12,2020-08-12T20:58:53.588400,estk_286a090bdf27e1247c131e7cfd4ca8ad,evt_286a090bdf27e124,Pascal Siakam,NBA,31.79,31.79,0,0,7.0600,7.2900,8.6800,
$50 NBA Daily 8/12,2020-08-12T20:58:53.588405,estk_286a090bdf27e124ea1a2c64334f4806,evt_286a090bdf27e124,Jimmy Butler,NBA,29.94,29.94,0,0,6.4300,6.4500,8.0600,
$50 NBA Daily 8/12,2020-08-12T20:58:53.588409,estk_286a090bdf27e124cd439276c8d11f5d,evt_286a090bdf27e124,Fred VanVleet,NBA,29.37,29.37,0,0,6.2700,6.2100,7.9000,
$50 NBA Daily 8/12,2020-08-12T20:58:53.588413,estk_286a090bdf27e1247606efecc2a97236,evt_286a090bdf27e124,Bam Adebayo,NBA,28.9,28.9,0,0,6.1300,6.0100,7.7100,
$50 NBA Daily 8/12,2020-08-12T20:58:53.588417,estk_286a090bdf27e12477c3d3d4d8ad15c5,evt_286a090bdf27e124,Tobias Harris,NBA,28.37,28.37,0,0,5.8900,5.8000,7.4800,
$50 NBA Daily 8/12,2020-08-12T20:58:53.588421,estk_286a090bdf27e124cc28fb3568e3a1d6,evt_286a090bdf27e124,Kyle Lowry,NBA,28.13,28.13,0,0,5.8700,5.6900,7.4500,
$50 NBA Daily 8/12,2020-08-12T20:58:53.588425,estk_286a090bdf27e12463a58b55849249a4,evt_286a090bdf27e124,Al Horford,NBA,28.1,28.1,0,0,5.8000,5.8100,7.4200,
$50 NBA Daily 8/12,2020-08-12T20:58:53.588429,estk_286a090bdf27e124d4dffde4be5e9336,evt_286a090bdf27e124,Jamal Murray,NBA,28.22,28.22,0,0,5.7800,5.7200,7.4000,
$50 NBA Daily 8/12,2020-08-12T20:58:53.588432,estk_286a090bdf27e12433aee19dae855240,evt_286a090bdf27e124,Shai Gilgeous-Alexander,NBA,27.7,27.7,0,0,5.7400,5.5600,7.3000,
$50 NBA Daily 8/12,2020-08-12T20:58:53.588436,estk_286a090bdf27e124b3147c681557a264,evt_286a090bdf27e124,Josh Richardson,NBA,25.07,25.07,0,0,4.9300,4.7800,6.5500,
$50 NBA Daily 8/12,2020-08-12T20:58:53.588440,estk_286a090bdf27e1244d546eba965e40a0,evt_286a090bdf27e124,Steven Adams,NBA,24.83,24.83,0,0,4.9200,4.6600,6.4200,
$50 NBA Daily 8/12,2020-08-12T20:58:53.588444,estk_286a090bdf27e12485e7a39b281a7530,evt_286a090bdf27e124,Ivica Zubac,NBA,25.05,25.05,0,0,4.8500,4.7400,6.4500,
$50 NBA Daily 8/12,2020-08-12T20:58:53.588448,estk_286a090bdf27e12463cd57f03c75f817,evt_286a090bdf27e124,Paul Millsap,NBA,23.56,23.56,0,0,4.5900,4.3600,6.1800,
$50 NBA Daily 8/12,2020-08-12T20:58:53.588452,estk_286a090bdf27e1249c697d220453d606,evt_286a090bdf27e124,Goran Dragic,NBA,23.33,23.33,0,0,4.4900,4.3000,6.0800,
$50 NBA Daily 8/12,2020-08-12T20:58:53.588456,estk_286a090bdf27e124e9aea717e9a5e7f3,evt_286a090bdf27e124,Reggie Jackson,NBA,22.93,22.93,0,0,4.4200,4.2600,5.9800,
$50 NBA Daily 8/12,2020-08-12T20:58:53.588459,estk_286a090bdf27e12457693decb131a860,evt_286a090bdf27e124,Lou Williams,NBA,22.77,22.77,0,0,4.3900,4.1800,5.9500,
$50 NBA Daily 8/12,2020-08-12T20:58:53.588463,estk_286a090bdf27e1246e1b2c66fb087a89,evt_286a090bdf27e124,Danilo Gallinari,NBA,22.85,22.85,0,0,4.3500,4.2000,5.9400,
$50 NBA Daily 8/12,2020-08-12T20:58:53.588467,estk_286a090bdf27e1246e82fa5f30bdfa80,evt_286a090bdf27e124,Marcus Morris,NBA,21.21,21.21,0,0,4.0000,3.8600,5.5500,
$50 NBA Daily 8/12,2020-08-12T20:58:53.588471,estk_286a090bdf27e1245cdd05960889fa04,evt_286a090bdf27e124,Serge Ibaka,NBA,21.14,21.14,0,0,3.9800,3.7900,5.5600,
$50 NBA Daily 8/12,2020-08-12T20:58:53.588475,estk_286a090bdf27e1240483c685aa422392,evt_286a090bdf27e124,Kelly Olynyk,NBA,20.77,20.77,0,0,3.8900,3.7600,5.4400,
$50 NBA Daily 8/12,2020-08-12T20:58:53.588479,estk_286a090bdf27e124d846b1bc06a60007,evt_286a090bdf27e124,Marc Gasol,NBA,20.64,20.64,0,0,3.8200,3.6800,5.4000,
$50 NBA Daily 8/12,2020-08-12T20:58:53.588482,estk_286a090bdf27e1245f7238ac84504d30,evt_286a090bdf27e124,Jerami Grant,NBA,20.32,20.32,0,0,3.7900,3.6100,5.3700,
$50 NBA Daily 8/12,2020-08-12T20:58:53.588487,estk_286a090bdf27e124917294b6d366ae0e,evt_286a090bdf27e124,Jae Crowder,NBA,18.89,18.89,0,0,3.5400,3.3500,5.0700,
$50 NBA Daily 8/12,2020-08-12T20:58:53.588491,estk_286a090bdf27e124a1e25447b314f889,evt_286a090bdf27e124,Shake Milton,NBA,18.45,18.45,0,0,3.3800,3.2500,4.9700,
$50 NBA Daily 8/12,2020-08-12T20:58:53.588495,estk_286a090bdf27e12438c0f853b03a1530,evt_286a090bdf27e124,Monte Morris,NBA,18.19,18.19,0,0,3.3300,3.2000,4.9000,
$50 NBA Daily 8/12,2020-08-12T20:58:53.588499,estk_286a090bdf27e12442bc562558c2576c,evt_286a090bdf27e124,Duncan Robinson,NBA,17.74,17.74,0,0,3.3200,3.1500,4.8900,
$50 NBA Daily 8/12,2020-08-12T20:58:53.588502,estk_286a090bdf27e124f101f1906b677e1c,evt_286a090bdf27e124,JaMychal Green,NBA,16.89,16.89,0,0,3.1600,2.9400,4.6800,
$50 NBA Daily 8/12,2020-08-12T20:58:53.588506,estk_286a090bdf27e12482db34a5ef5dff8e,evt_286a090bdf27e124,OG Anunoby,NBA,16.96,16.96,0,0,3.1200,2.9700,4.6700,
$50 NBA Daily 8/12,2020-08-12T20:58:53.588510,estk_286a090bdf27e12460935204130384bb,evt_286a090bdf27e124,Mason Plumlee,NBA,16.94,16.94,0,0,3.1200,3.0100,4.6800,
$50 NBA Daily 8/12,2020-08-12T20:58:53.588514,estk_286a090bdf27e1246de03cb5c6424ccc,evt_286a090bdf27e124,Norman Powell,NBA,16.95,16.95,0,0,3.1000,3.1700,4.6600,
$50 NBA Daily 8/12,2020-08-12T20:58:53.588519,estk_286a090bdf27e1248b0372db86dba9af,evt_286a090bdf27e124,Furkan Korkmaz,NBA,15.98,15.98,0,0,2.9500,2.8200,4.5100,
$50 NBA Daily 8/12,2020-08-12T20:58:53.588523,estk_286a090bdf27e1241fb136f015ee25f6,evt_286a090bdf27e124,Tyler Herro,NBA,15.45,15.45,0,0,2.8900,2.9400,4.4700,
$50 NBA Daily 8/12,2020-08-12T20:58:53.588526,estk_286a090bdf27e12485078b5202b93fb5,evt_286a090bdf27e124,Luguentz Dort,NBA,15.18,15.18,0,0,2.8600,2.7100,4.3600,
$50 NBA Daily 8/12,2020-08-12T20:58:53.588530,estk_286a090bdf27e1240b5bea604e9b515d,evt_286a090bdf27e124,Nerlens Noel,NBA,14.66,14.66,0,0,2.7200,2.6500,4.2700,
$50 NBA Daily 8/12,2020-08-12T20:58:53.588534,estk_286a090bdf27e124d5d16483f5148c0b,evt_286a090bdf27e124,Darius Bazley,NBA,12.6,12.6,0,0,2.4700,2.5300,4.0000,
$50 NBA Daily 8/12,2020-08-12T20:58:53.588538,estk_286a090bdf27e12489a4b98163393691,evt_286a090bdf27e124,Raul Neto,NBA,4.08,4.08,0,0,1.6100,1.5400,3.1400,
$50 NBA Daily 8/12,2020-08-12T20:58:53.588541,estk_286a090bdf27e12429f4c1657b835f2a,evt_286a090bdf27e124,Will Barton,NBA,0,0,0,0,1.0000,1.4800,2.5200,
$50 NBA Daily 8/12,2020-08-12T20:58:53.588545,estk_286a090bdf27e124b402a1af1291a618,evt_286a090bdf27e124,Patrick Beverley,NBA,0,0,0,0,1.0000,1.3600,2.5200,
$50 NBA Daily 8/12,2020-08-12T20:58:53.588549,estk_286a090bdf27e124f7a31aec0adc59e2,evt_286a090bdf27e124,Landry Shamet,NBA,0,0,0,0,1.0000,1.2600,2.5200,
$50 NBA Daily 8/12,2020-08-12T20:58:53.588553,estk_286a090bdf27e124ce8e428feaa184fb,evt_286a090bdf27e124,Dennis Schroder,NBA,0,0,0,0,1.0000,1.0100,2.5200,
$50 NBA Daily 8/12,2020-08-12T20:58:53.588557,estk_286a090bdf27e124ea479abf3beddc59,evt_286a090bdf27e124,Gary Harris,NBA,0,0,0,0,1.0000,1.3200,2.5200,
$50 NBA Daily 8/12,2020-08-12T20:58:53.588562,estk_286a090bdf27e124575ca725abf50fd3,evt_286a090bdf27e124,Alec Burks,NBA,0,0,0,0,1.0000,2.7800,2.5200,
$50 NBA Daily 8/12,2020-08-12T22:47:46.815898,estk_286a090bdf27e1247a763361bd2f9a08,evt_286a090bdf27e124,Joel Embiid,NBA,44.3,43.36,-0.5,0.01,16.1600,13.3900,17.9800,
$50 NBA Daily 8/12,2020-08-12T22:47:46.815922,estk_286a090bdf27e1247c131e7cfd4ca8ad,evt_286a090bdf27e124,Pascal Siakam,NBA,31.79,31.47,0,0.01,7.9200,7.2900,9.2000,
$50 NBA Daily 8/12,2020-08-12T22:47:46.815930,estk_286a090bdf27e124cd439276c8d11f5d,evt_286a090bdf27e124,Fred VanVleet,NBA,29.37,32.58,3.5,0.01,6.6500,6.2100,7.9000,
$50 NBA Daily 8/12,2020-08-12T22:47:46.815937,estk_286a090bdf27e12477c3d3d4d8ad15c5,evt_286a090bdf27e124,Tobias Harris,NBA,28.37,28.09,0,0.01,6.2600,5.8000,7.4800,
$50 NBA Daily 8/12,2020-08-12T22:47:46.815945,estk_286a090bdf27e124cc28fb3568e3a1d6,evt_286a090bdf27e124,Kyle Lowry,NBA,28.13,31.35,3.5,0.01,6.0300,5.6900,7.4500,
$50 NBA Daily 8/12,2020-08-12T22:47:46.815950,estk_286a090bdf27e12463a58b55849249a4,evt_286a090bdf27e124,Al Horford,NBA,28.1,27.82,0,0.01,5.9900,5.8100,7.4200,
$50 NBA Daily 8/12,2020-08-12T22:47:46.815961,estk_286a090bdf27e124b3147c681557a264,evt_286a090bdf27e124,Josh Richardson,NBA,25.07,24.82,0,0.01,4.7500,4.7800,6.5500,
$50 NBA Daily 8/12,2020-08-12T22:47:46.815995,estk_286a090bdf27e124d846b1bc06a60007,evt_286a090bdf27e124,Marc Gasol,NBA,20.64,20.43,0,0.01,3.2600,3.6800,4.8400,
$50 NBA Daily 8/12,2020-08-12T22:47:46.816002,estk_286a090bdf27e1246de03cb5c6424ccc,evt_286a090bdf27e124,Norman Powell,NBA,19.56,19.36,0,0.01,2.9900,3.1700,4.5900,
$50 NBA Daily 8/12,2020-08-12T22:47:46.816010,estk_286a090bdf27e124a1e25447b314f889,evt_286a090bdf27e124,Shake Milton,NBA,18.45,18.27,0,0.01,2.7300,3.2500,4.3300,
$50 NBA Daily 8/12,2020-08-12T22:47:46.816021,estk_286a090bdf27e1248b0372db86dba9af,evt_286a090bdf27e124,Furkan Korkmaz,NBA,17.38,17.21,0,0.01,2.4700,2.8200,4.0100,
$50 NBA Daily 8/12,2020-08-12T22:47:46.816047,estk_286a090bdf27e12489a4b98163393691,evt_286a090bdf27e124,Raul Neto,NBA,4.08,4.04,0,0.01,1.1400,1.5400,2.6500,
$50 NBA Daily 8/12,2020-08-12T22:47:46.816054,estk_286a090bdf27e124575ca725abf50fd3,evt_286a090bdf27e124,Alec Burks,NBA,0,0,0,0.01,1.0000,2.7800,2.5200,
$50 NBA Daily 8/12,2020-08-12T22:47:46.816058,estk_286a090bdf27e1245cdd05960889fa04,evt_286a090bdf27e124,Serge Ibaka,NBA,0,0,0,0.01,1.0000,3.7900,2.5200,
$50 NBA Daily 8/12,2020-08-12T22:47:46.816076,estk_286a090bdf27e12482db34a5ef5dff8e,evt_286a090bdf27e124,OG Anunoby,NBA,0,0,0,0.01,1.0000,2.9700,2.5200,
$50 NBA Daily 8/12,2020-08-12T22:48:47.950365,estk_286a090bdf27e1247a763361bd2f9a08,evt_286a090bdf27e124,Joel Embiid,NBA,44.3,41.97,-1,0.03,15.4400,13.3900,17.9800,13.6300
$50 NBA Daily 8/12,2020-08-12T22:48:47.950384,estk_286a090bdf27e124cd439276c8d11f5d,evt_286a090bdf27e124,Fred VanVleet,NBA,29.37,31.49,3,0.03,8.2700,6.2100,7.9000,6.6400
$50 NBA Daily 8/12,2020-08-12T22:48:47.950392,estk_286a090bdf27e1247c131e7cfd4ca8ad,evt_286a090bdf27e124,Pascal Siakam,NBA,31.79,32.84,2,0.03,7.6900,9.2000,9.2000,6.5900
$50 NBA Daily 8/12,2020-08-12T22:48:47.950396,estk_286a090bdf27e124cc28fb3568e3a1d6,evt_286a090bdf27e124,Kyle Lowry,NBA,28.13,30.79,3.5,0.03,7.6900,5.6900,7.4500,6.0400
$50 NBA Daily 8/12,2020-08-12T22:48:47.950411,estk_286a090bdf27e12477c3d3d4d8ad15c5,evt_286a090bdf27e124,Tobias Harris,NBA,28.37,27.52,0,0.03,5.9600,5.8000,7.4800,4.3400
$50 NBA Daily 8/12,2020-08-12T22:48:47.950415,estk_286a090bdf27e12463a58b55849249a4,evt_286a090bdf27e124,Al Horford,NBA,28.1,28.01,0.75,0.03,5.8600,5.8100,7.4200,4.3700
$50 NBA Daily 8/12,2020-08-12T22:48:47.950430,estk_286a090bdf27e124b3147c681557a264,evt_286a090bdf27e124,Josh Richardson,NBA,25.07,25.07,0.75,0.03,4.5700,4.7800,6.5500,6.0400
$50 NBA Daily 8/12,2020-08-12T22:48:47.950460,estk_286a090bdf27e124d846b1bc06a60007,evt_286a090bdf27e124,Marc Gasol,NBA,20.64,21.52,1.5,0.03,3.1600,3.6800,4.8400,4.3800
$50 NBA Daily 8/12,2020-08-12T22:48:47.950467,estk_286a090bdf27e1246de03cb5c6424ccc,evt_286a090bdf27e124,Norman Powell,NBA,19.56,18.97,0,0.03,2.9200,4.5900,4.5900,1.4300
$50 NBA Daily 8/12,2020-08-12T22:48:47.950479,estk_286a090bdf27e124a1e25447b314f889,evt_286a090bdf27e124,Shake Milton,NBA,18.45,17.9,0,0.03,2.6100,4.3300,4.3300,1.0600
$50 NBA Daily 8/12,2020-08-12T22:48:47.950486,estk_286a090bdf27e1248b0372db86dba9af,evt_286a090bdf27e124,Furkan Korkmaz,NBA,17.38,16.86,0,0.03,2.3900,2.8200,4.0100,
$50 NBA Daily 8/12,2020-08-12T22:48:47.950511,estk_286a090bdf27e12489a4b98163393691,evt_286a090bdf27e124,Raul Neto,NBA,4.08,3.96,0,0.03,1.1200,1.5400,2.6500,2.5700
$50 NBA Daily 8/12,2020-08-12T22:48:47.950518,estk_286a090bdf27e124575ca725abf50fd3,evt_286a090bdf27e124,Alec Burks,NBA,0,0,0,0.03,1.0000,2.7800,2.5200,
$50 NBA Daily 8/12,2020-08-12T22:48:47.950522,estk_286a090bdf27e1245cdd05960889fa04,evt_286a090bdf27e124,Serge Ibaka,NBA,0,0,0,0.03,1.0000,3.7900,2.5200,
$50 NBA Daily 8/12,2020-08-12T22:48:47.950540,estk_286a090bdf27e12482db34a5ef5dff8e,evt_286a090bdf27e124,OG Anunoby,NBA,0,0,0,0.03,1.0000,2.5200,2.5200,
$50 NBA Daily 8/12,2020-08-12T22:50:50.810098,estk_286a090bdf27e1247a763361bd2f9a08,evt_286a090bdf27e124,Joel Embiid,NBA,44.3,45.33,3.25,0.05,14.5300,13.3900,16.3200,12.7400
$50 NBA Daily 8/12,2020-08-12T22:50:50.810113,estk_286a090bdf27e1247c131e7cfd4ca8ad,evt_286a090bdf27e124,Pascal Siakam,NBA,31.79,32.2,2,0.05,8.4600,9.2000,9.6300,6.7900
$50 NBA Daily 8/12,2020-08-12T22:50:50.810125,estk_286a090bdf27e124cd439276c8d11f5d,evt_286a090bdf27e124,Fred VanVleet,NBA,29.37,30.9,3,0.05,7.7200,6.2100,9.3700,6.6400
$50 NBA Daily 8/12,2020-08-12T22:50:50.810129,estk_286a090bdf27e124cc28fb3568e3a1d6,evt_286a090bdf27e124,Kyle Lowry,NBA,28.13,30.22,3.5,0.05,7.3100,5.6900,8.9600,6.0400
$50 NBA Daily 8/12,2020-08-12T22:50:50.810144,estk_286a090bdf27e12463a58b55849249a4,evt_286a090bdf27e124,Al Horford,NBA,28.1,29.45,2.75,0.05,5.9200,5.8100,7.4200,4.3700
$50 NBA Daily 8/12,2020-08-12T22:50:50.810152,estk_286a090bdf27e12477c3d3d4d8ad15c5,evt_286a090bdf27e124,Tobias Harris,NBA,28.37,28.45,1.5,0.05,5.7600,5.8000,7.4800,4.3400
$50 NBA Daily 8/12,2020-08-12T22:50:50.810160,estk_286a090bdf27e124b3147c681557a264,evt_286a090bdf27e124,Josh Richardson,NBA,25.07,24.57,0.75,0.05,4.6800,4.7800,6.5500,3.0900
$50 NBA Daily 8/12,2020-08-12T22:50:50.810187,estk_286a090bdf27e124d846b1bc06a60007,evt_286a090bdf27e124,Marc Gasol,NBA,20.64,23.11,3.5,0.05,3.4600,3.6800,4.8400,1.8900
$50 NBA Daily 8/12,2020-08-12T22:50:50.810205,estk_286a090bdf27e1246de03cb5c6424ccc,evt_286a090bdf27e124,Norman Powell,NBA,19.56,18.58,0,0.05,2.7500,4.5900,4.3100,1.4300
$50 NBA Daily 8/12,2020-08-12T22:50:50.810217,estk_286a090bdf27e124a1e25447b314f889,evt_286a090bdf27e124,Shake Milton,NBA,18.45,22.53,5,0.05,2.5100,4.3300,4.1600,1.0600
$50 NBA Daily 8/12,2020-08-12T22:50:50.810228,estk_286a090bdf27e1248b0372db86dba9af,evt_286a090bdf27e124,Furkan Korkmaz,NBA,17.38,16.51,0,0.05,2.3300,2.8200,4.0100,
$50 NBA Daily 8/12,2020-08-12T22:50:50.810246,estk_286a090bdf27e12489a4b98163393691,evt_286a090bdf27e124,Raul Neto,NBA,4.08,3.88,0,0.05,1.1300,1.5400,2.6500,
$50 NBA Daily 8/12,2020-08-12T22:50:50.810254,estk_286a090bdf27e124575ca725abf50fd3,evt_286a090bdf27e124,Alec Burks,NBA,0,0,0,0.05,1.0000,2.7800,2.5200,
$50 NBA Daily 8/12,2020-08-12T22:50:50.810257,estk_286a090bdf27e1245cdd05960889fa04,evt_286a090bdf27e124,Serge Ibaka,NBA,0,0,0,0.05,1.0000,3.7900,2.5200,
$50 NBA Daily 8/12,2020-08-12T22:50:50.810275,estk_286a090bdf27e12482db34a5ef5dff8e,evt_286a090bdf27e124,OG Anunoby,NBA,0,0,0,0.05,1.0000,2.5200,2.5200,
$50 NBA Daily 8/12,2020-08-12T22:54:55.662141,estk_286a090bdf27e1247a763361bd2f9a08,evt_286a090bdf27e124,Joel Embiid,NBA,44.3,48.56,8.25,0.09,16.6400,13.3900,18.4700,14.8300
$50 NBA Daily 8/12,2020-08-12T22:54:55.662193,estk_286a090bdf27e1247c131e7cfd4ca8ad,evt_286a090bdf27e124,Pascal Siakam,NBA,31.79,32.43,3.5,0.09,7.9500,9.2000,9.5700,6.7900
$50 NBA Daily 8/12,2020-08-12T22:54:55.662196,estk_286a090bdf27e124cd439276c8d11f5d,evt_286a090bdf27e124,Fred VanVleet,NBA,29.37,29.23,2.5,0.09,7.2700,6.2100,8.8400,6.0700
$50 NBA Daily 8/12,2020-08-12T22:54:55.662200,estk_286a090bdf27e124cc28fb3568e3a1d6,evt_286a090bdf27e124,Kyle Lowry,NBA,28.13,31.1,5.5,0.09,6.9200,5.6900,8.4600,5.6600
$50 NBA Daily 8/12,2020-08-12T22:54:55.662208,estk_286a090bdf27e12463a58b55849249a4,evt_286a090bdf27e124,Al Horford,NBA,28.1,30.82,5.25,0.09,6.4700,5.8100,8.1000,4.8800
$50 NBA Daily 8/12,2020-08-12T22:54:55.662216,estk_286a090bdf27e12477c3d3d4d8ad15c5,evt_286a090bdf27e124,Tobias Harris,NBA,28.37,32.32,6.5,0.09,6.0300,5.8000,7.4800,4.4000
$50 NBA Daily 8/12,2020-08-12T22:54:55.662234,estk_286a090bdf27e124b3147c681557a264,evt_286a090bdf27e124,Josh Richardson,NBA,25.07,25.56,2.75,0.09,4.4000,4.7800,5.9600,3.0900
$50 NBA Daily 8/12,2020-08-12T22:54:55.662249,estk_286a090bdf27e124d846b1bc06a60007,evt_286a090bdf27e124,Marc Gasol,NBA,20.64,21.78,3,0.09,3.8700,3.6800,5.1100,2.3300
$50 NBA Daily 8/12,2020-08-12T22:54:55.662261,estk_286a090bdf27e124a1e25447b314f889,evt_286a090bdf27e124,Shake Milton,NBA,18.45,21.79,5,0.09,3.6600,4.3300,5.2400,2.1000
$50 NBA Daily 8/12,2020-08-12T22:54:55.662280,estk_286a090bdf27e1246de03cb5c6424ccc,evt_286a090bdf27e124,Norman Powell,NBA,19.56,18.55,0.75,0.09,2.6300,4.5900,4.3100,1.4300
$50 NBA Daily 8/12,2020-08-12T22:54:55.662298,estk_286a090bdf27e1248b0372db86dba9af,evt_286a090bdf27e124,Furkan Korkmaz,NBA,17.38,15.82,0,0.09,2.1800,2.8200,4.0100,
$50 NBA Daily 8/12,2020-08-12T22:54:55.662316,estk_286a090bdf27e12489a4b98163393691,evt_286a090bdf27e124,Raul Neto,NBA,4.08,3.71,0,0.09,1.1100,1.5400,2.6300,
$50 NBA Daily 8/12,2020-08-12T22:54:55.662323,estk_286a090bdf27e124575ca725abf50fd3,evt_286a090bdf27e124,Alec Burks,NBA,0,0,0,0.09,1.0000,2.7800,2.5200,
$50 NBA Daily 8/12,2020-08-12T22:54:55.662327,estk_286a090bdf27e1245cdd05960889fa04,evt_286a090bdf27e124,Serge Ibaka,NBA,0,0,0,0.09,1.0000,3.7900,2.5200,
$50 NBA Daily 8/12,2020-08-12T22:54:55.662345,estk_286a090bdf27e12482db34a5ef5dff8e,evt_286a090bdf27e124,OG Anunoby,NBA,0,0,0,0.09,1.0000,2.5200,2.5200,
$50 NBA Daily 8/12,2020-08-12T22:59:00.277114,estk_286a090bdf27e1247a763361bd2f9a08,evt_286a090bdf27e124,Joel Embiid,NBA,44.3,47.18,7.75,0.11,18.6000,13.3900,20.4100,16.7400
$50 NBA Daily 8/12,2020-08-12T22:59:00.277162,estk_286a090bdf27e1247c131e7cfd4ca8ad,evt_286a090bdf27e124,Pascal Siakam,NBA,31.79,31.29,3,0.11,7.8900,9.2000,9.5700,6.7900
$50 NBA Daily 8/12,2020-08-12T22:59:00.277170,estk_286a090bdf27e12477c3d3d4d8ad15c5,evt_286a090bdf27e124,Tobias Harris,NBA,28.37,35.75,10.5,0.11,7.7300,5.8000,9.4200,6.1500
$50 NBA Daily 8/12,2020-08-12T22:59:00.277174,estk_286a090bdf27e124cc28fb3568e3a1d6,evt_286a090bdf27e124,Kyle Lowry,NBA,28.13,30.54,5.5,0.11,7.1700,5.6900,8.4600,5.6600
$50 NBA Daily 8/12,2020-08-12T22:59:00.277178,estk_286a090bdf27e12463a58b55849249a4,evt_286a090bdf27e124,Al Horford,NBA,28.1,30.26,5.25,0.11,7.0100,5.8100,8.6400,5.3700
$50 NBA Daily 8/12,2020-08-12T22:59:00.277191,estk_286a090bdf27e124cd439276c8d11f5d,evt_286a090bdf27e124,Fred VanVleet,NBA,29.37,28.64,2.5,0.11,6.1800,6.2100,7.8100,4.6100
$50 NBA Daily 8/12,2020-08-12T22:59:00.277202,estk_286a090bdf27e124b3147c681557a264,evt_286a090bdf27e124,Josh Richardson,NBA,25.07,27.06,4.75,0.11,4.6700,4.7800,5.9600,3.0900
$50 NBA Daily 8/12,2020-08-12T22:59:00.277231,estk_286a090bdf27e124d846b1bc06a60007,evt_286a090bdf27e124,Marc Gasol,NBA,20.64,23.37,5,0.11,3.3600,3.6800,4.9000,2.3300
$50 NBA Daily 8/12,2020-08-12T22:59:00.277239,estk_286a090bdf27e124a1e25447b314f889,evt_286a090bdf27e124,Shake Milton,NBA,18.45,21.42,5,0.11,3.3300,4.3300,5.2400,2.1000
$50 NBA Daily 8/12,2020-08-12T22:59:00.277258,estk_286a090bdf27e1246de03cb5c6424ccc,evt_286a090bdf27e124,Norman Powell,NBA,19.56,17.66,0.25,0.11,2.5300,4.5900,4.0600,1.4300
$50 NBA Daily 8/12,2020-08-12T22:59:00.277276,estk_286a090bdf27e1248b0372db86dba9af,evt_286a090bdf27e124,Furkan Korkmaz,NBA,17.38,15.47,0,0.11,2.0200,2.8200,4.0100,
$50 NBA Daily 8/12,2020-08-12T22:59:00.277290,estk_286a090bdf27e12489a4b98163393691,evt_286a090bdf27e124,Raul Neto,NBA,4.08,3.63,0,0.11,1.1000,1.5400,2.6300,
$50 NBA Daily 8/12,2020-08-12T22:59:00.277297,estk_286a090bdf27e124575ca725abf50fd3,evt_286a090bdf27e124,Alec Burks,NBA,0,0,0,0.11,1.0000,2.7800,2.5200,
$50 NBA Daily 8/12,2020-08-12T22:59:00.277301,estk_286a090bdf27e1245cdd05960889fa04,evt_286a090bdf27e124,Serge Ibaka,NBA,0,0,0,0.11,1.0000,3.7900,2.5200,
$50 NBA Daily 8/12,2020-08-12T22:59:00.277318,estk_286a090bdf27e12482db34a5ef5dff8e,evt_286a090bdf27e124,OG Anunoby,NBA,0,0,0,0.11,1.0000,2.5200,2.5200,
$50 NBA Daily 8/12,2020-08-12T23:02:03.925750,estk_286a090bdf27e1247a763361bd2f9a08,evt_286a090bdf27e124,Joel Embiid,NBA,44.3,50.98,12,0.12,17.7900,13.3900,19.5700,15.8700
$50 NBA Daily 8/12,2020-08-12T23:02:03.925795,estk_286a090bdf27e12477c3d3d4d8ad15c5,evt_286a090bdf27e124,Tobias Harris,NBA,28.37,33.47,8.5,0.12,9.7800,5.8000,11.5300,8.1300
$50 NBA Daily 8/12,2020-08-12T23:02:03.925807,estk_286a090bdf27e1247c131e7cfd4ca8ad,evt_286a090bdf27e124,Pascal Siakam,NBA,31.79,30.98,3,0.12,7.2100,9.2000,8.8200,6.7900
$50 NBA Daily 8/12,2020-08-12T23:02:03.925811,estk_286a090bdf27e124cc28fb3568e3a1d6,evt_286a090bdf27e124,Kyle Lowry,NBA,28.13,30.25,5.5,0.12,6.8300,5.6900,8.4600,5.6600
$50 NBA Daily 8/12,2020-08-12T23:02:03.925815,estk_286a090bdf27e12463a58b55849249a4,evt_286a090bdf27e124,Al Horford,NBA,28.1,29.98,5.25,0.12,6.7200,5.8100,8.6400,5.3700
$50 NBA Daily 8/12,2020-08-12T23:02:03.925827,estk_286a090bdf27e124cd439276c8d11f5d,evt_286a090bdf27e124,Fred VanVleet,NBA,29.37,27.85,2,0.12,5.9400,7.8100,7.5100,4.6100
$50 NBA Daily 8/12,2020-08-12T23:02:03.925839,estk_286a090bdf27e124b3147c681557a264,evt_286a090bdf27e124,Josh Richardson,NBA,25.07,27.81,5.75,0.12,5.1600,4.7800,6.8100,3.6100
$50 NBA Daily 8/12,2020-08-12T23:02:03.925862,estk_286a090bdf27e124d846b1bc06a60007,evt_286a090bdf27e124,Marc Gasol,NBA,20.64,23.16,5,0.12,3.8400,3.6800,5.1100,2.3300
$50 NBA Daily 8/12,2020-08-12T23:02:03.925878,estk_286a090bdf27e124a1e25447b314f889,evt_286a090bdf27e124,Shake Milton,NBA,18.45,21.24,5,0.12,3.2100,4.3300,5.2400,2.1000
$50 NBA Daily 8/12,2020-08-12T23:02:03.925904,estk_286a090bdf27e1246de03cb5c6424ccc,evt_286a090bdf27e124,Norman Powell,NBA,19.56,17.46,0.25,0.12,2.3000,4.5900,3.8700,1.4300
$50 NBA Daily 8/12,2020-08-12T23:02:03.925924,estk_286a090bdf27e1248b0372db86dba9af,evt_286a090bdf27e124,Furkan Korkmaz,NBA,17.38,15.29,0,0.12,1.9100,2.8200,3.4600,
$50 NBA Daily 8/12,2020-08-12T23:02:03.925932,estk_286a090bdf27e12489a4b98163393691,evt_286a090bdf27e124,Raul Neto,NBA,4.08,3.59,0,0.12,1.0800,1.5400,2.6300,
$50 NBA Daily 8/12,2020-08-12T23:02:03.925939,estk_286a090bdf27e124575ca725abf50fd3,evt_286a090bdf27e124,Alec Burks,NBA,0,0,0,0.12,1.0000,2.7800,2.5200,
$50 NBA Daily 8/12,2020-08-12T23:02:03.925943,estk_286a090bdf27e1245cdd05960889fa04,evt_286a090bdf27e124,Serge Ibaka,NBA,0,0,0,0.12,1.0000,3.7900,2.5200,
$50 NBA Daily 8/12,2020-08-12T23:02:03.925962,estk_286a090bdf27e12482db34a5ef5dff8e,evt_286a090bdf27e124,OG Anunoby,NBA,0,0,0,0.12,1.0000,2.5200,2.5200,
$50 NBA Daily 8/12,2020-08-12T23:04:06.090351,estk_286a090bdf27e1247a763361bd2f9a08,evt_286a090bdf27e124,Joel Embiid,NBA,44.3,49.65,12,0.15,20.0000,13.3900,21.9400,18.1400
$50 NBA Daily 8/12,2020-08-12T23:04:06.090394,estk_286a090bdf27e12477c3d3d4d8ad15c5,evt_286a090bdf27e124,Tobias Harris,NBA,28.37,32.61,8.5,0.15,8.4500,5.8000,9.9800,6.7800
$50 NBA Daily 8/12,2020-08-12T23:04:06.090406,estk_286a090bdf27e1247c131e7cfd4ca8ad,evt_286a090bdf27e124,Pascal Siakam,NBA,31.79,31.77,4.75,0.15,7.0500,9.2000,8.8200,6.1200
$50 NBA Daily 8/12,2020-08-12T23:04:06.090410,estk_286a090bdf27e124cc28fb3568e3a1d6,evt_286a090bdf27e124,Kyle Lowry,NBA,28.13,29.41,5.5,0.15,6.6600,5.6900,8.4600,5.6600
$50 NBA Daily 8/12,2020-08-12T23:04:06.090418,estk_286a090bdf27e12463a58b55849249a4,evt_286a090bdf27e124,Al Horford,NBA,28.1,30.14,6.25,0.15,6.5100,5.8100,8.1400,5.3700
$50 NBA Daily 8/12,2020-08-12T23:04:06.090433,estk_286a090bdf27e124cd439276c8d11f5d,evt_286a090bdf27e124,Fred VanVleet,NBA,29.37,28.46,3.5,0.15,5.5200,7.8100,7.1700,4.6100
$50 NBA Daily 8/12,2020-08-12T23:04:06.090437,estk_286a090bdf27e124b3147c681557a264,evt_286a090bdf27e124,Josh Richardson,NBA,25.07,28.81,7.5,0.15,5.5000,4.7800,6.8100,3.9900
$50 NBA Daily 8/12,2020-08-12T23:04:06.090467,estk_286a090bdf27e124d846b1bc06a60007,evt_286a090bdf27e124,Marc Gasol,NBA,20.64,22.54,5,0.15,3.7300,5.1100,5.1100,2.3300
$50 NBA Daily 8/12,2020-08-12T23:04:06.090479,estk_286a090bdf27e124a1e25447b314f889,evt_286a090bdf27e124,Shake Milton,NBA,18.45,24.18,8.5,0.15,3.1400,4.7300,4.7300,2.1000
$50 NBA Daily 8/12,2020-08-12T23:04:06.090505,estk_286a090bdf27e1246de03cb5c6424ccc,evt_286a090bdf27e124,Norman Powell,NBA,19.56,20.38,3.75,0.15,2.2900,4.5900,3.8700,1.4300
$50 NBA Daily 8/12,2020-08-12T23:04:06.090520,estk_286a090bdf27e1248b0372db86dba9af,evt_286a090bdf27e124,Furkan Korkmaz,NBA,17.38,16.02,1.25,0.15,1.9000,3.4600,3.4400,
$50 NBA Daily 8/12,2020-08-12T23:04:06.090527,estk_286a090bdf27e12489a4b98163393691,evt_286a090bdf27e124,Raul Neto,NBA,4.08,3.47,0,0.15,1.0800,2.6000,2.6000,
$50 NBA Daily 8/12,2020-08-12T23:04:06.090534,estk_286a090bdf27e124575ca725abf50fd3,evt_286a090bdf27e124,Alec Burks,NBA,0,0,0,0.15,1.0000,2.7800,2.5200,
$50 NBA Daily 8/12,2020-08-12T23:04:06.090538,estk_286a090bdf27e1245cdd05960889fa04,evt_286a090bdf27e124,Serge Ibaka,NBA,0,0,0,0.15,1.0000,3.7900,2.5200,
$50 NBA Daily 8/12,2020-08-12T23:04:06.090556,estk_286a090bdf27e12482db34a5ef5dff8e,evt_286a090bdf27e124,OG Anunoby,NBA,0,0,0,0.15,1.0000,2.5200,2.5200,
$50 NBA Daily 8/12,2020-08-12T23:05:07.314067,estk_286a090bdf27e1247a763361bd2f9a08,evt_286a090bdf27e124,Joel Embiid,NBA,44.3,48.77,12,0.17,19.3600,13.3900,21.2500,18.1400
$50 NBA Daily 8/12,2020-08-12T23:05:07.314126,estk_286a090bdf27e12477c3d3d4d8ad15c5,evt_286a090bdf27e124,Tobias Harris,NBA,28.37,32.05,8.5,0.17,7.9200,5.8000,9.9800,6.7800
$50 NBA Daily 8/12,2020-08-12T23:05:07.314131,estk_286a090bdf27e1247c131e7cfd4ca8ad,evt_286a090bdf27e124,Pascal Siakam,NBA,31.79,31.14,4.75,0.17,7.4300,9.2000,8.8200,6.1200
$50 NBA Daily 8/12,2020-08-12T23:05:07.314138,estk_286a090bdf27e12463a58b55849249a4,evt_286a090bdf27e124,Al Horford,NBA,28.1,32.32,9,0.17,6.5700,5.8100,8.1400,5.3700
$50 NBA Daily 8/12,2020-08-12T23:05:07.314142,estk_286a090bdf27e124cc28fb3568e3a1d6,evt_286a090bdf27e124,Kyle Lowry,NBA,28.13,28.85,5.5,0.17,6.1600,5.6900,7.7800,5.2200
$50 NBA Daily 8/12,2020-08-12T23:05:07.314155,estk_286a090bdf27e124b3147c681557a264,evt_286a090bdf27e124,Josh Richardson,NBA,25.07,28.31,7.5,0.17,5.8700,4.7800,7.4900,4.2500
$50 NBA Daily 8/12,2020-08-12T23:05:07.314159,estk_286a090bdf27e124cd439276c8d11f5d,evt_286a090bdf27e124,Fred VanVleet,NBA,29.37,27.88,3.5,0.17,5.7700,7.8100,7.1700,4.6100
$50 NBA Daily 8/12,2020-08-12T23:05:07.314178,estk_286a090bdf27e124a1e25447b314f889,evt_286a090bdf27e124,Shake Milton,NBA,18.45,23.31,8,0.17,4.0200,4.7300,5.6000,2.4400
$50 NBA Daily 8/12,2020-08-12T23:05:07.314197,estk_286a090bdf27e124d846b1bc06a60007,evt_286a090bdf27e124,Marc Gasol,NBA,20.64,22.13,5,0.17,3.4200,5.1100,5.1100,2.3300
$50 NBA Daily 8/12,2020-08-12T23:05:07.314213,estk_286a090bdf27e1246de03cb5c6424ccc,evt_286a090bdf27e124,Norman Powell,NBA,19.56,19.98,3.75,0.17,2.8200,4.5900,4.0600,1.4300
$50 NBA Daily 8/12,2020-08-12T23:05:07.314243,estk_286a090bdf27e1248b0372db86dba9af,evt_286a090bdf27e124,Furkan Korkmaz,NBA,17.38,19.18,4.75,0.17,1.9200,3.4600,3.4400,
$50 NBA Daily 8/12,2020-08-12T23:05:07.314254,estk_286a090bdf27e12489a4b98163393691,evt_286a090bdf27e124,Raul Neto,NBA,4.08,3.39,0,0.17,1.0600,2.6000,2.6000,
$50 NBA Daily 8/12,2020-08-12T23:05:07.314261,estk_286a090bdf27e124575ca725abf50fd3,evt_286a090bdf27e124,Alec Burks,NBA,0,0,0,0.17,1.0000,2.7800,2.5200,
$50 NBA Daily 8/12,2020-08-12T23:05:07.314265,estk_286a090bdf27e1245cdd05960889fa04,evt_286a090bdf27e124,Serge Ibaka,NBA,0,0,0,0.17,1.0000,3.7900,2.5200,
$50 NBA Daily 8/12,2020-08-12T23:05:07.314284,estk_286a090bdf27e12482db34a5ef5dff8e,evt_286a090bdf27e124,OG Anunoby,NBA,0,0,0,0.17,1.0000,2.5200,2.5200,
$50 NBA Daily 8/12,2020-08-12T23:06:38.905912,estk_286a090bdf27e1247a763361bd2f9a08,evt_286a090bdf27e124,Joel Embiid,NBA,44.3,48.33,12,0.18,19.3000,13.3900,21.2500,17.4700
$50 NBA Daily 8/12,2020-08-12T23:06:38.905962,estk_286a090bdf27e12463a58b55849249a4,evt_286a090bdf27e124,Al Horford,NBA,28.1,33.29,10.25,0.18,7.7300,5.8100,9.3800,6.1000
$50 NBA Daily 8/12,2020-08-12T23:06:38.905966,estk_286a090bdf27e12477c3d3d4d8ad15c5,evt_286a090bdf27e124,Tobias Harris,NBA,28.37,31.76,8.5,0.18,7.6500,5.8000,9.2900,6.6400
$50 NBA Daily 8/12,2020-08-12T23:06:38.905970,estk_286a090bdf27e1247c131e7cfd4ca8ad,evt_286a090bdf27e124,Pascal Siakam,NBA,31.79,32.07,6,0.18,7.1000,9.2000,8.8200,6.1200
$50 NBA Daily 8/12,2020-08-12T23:06:38.905982,estk_286a090bdf27e124cc28fb3568e3a1d6,evt_286a090bdf27e124,Kyle Lowry,NBA,28.13,28.57,5.5,0.18,5.9400,5.6900,7.7800,5.0100
$50 NBA Daily 8/12,2020-08-12T23:06:38.905989,estk_286a090bdf27e124b3147c681557a264,evt_286a090bdf27e124,Josh Richardson,NBA,25.07,27.56,7,0.18,5.6500,4.7800,7.4900,4.2500
$50 NBA Daily 8/12,2020-08-12T23:06:38.905997,estk_286a090bdf27e124cd439276c8d11f5d,evt_286a090bdf27e124,Fred VanVleet,NBA,29.37,27.58,3.5,0.18,5.4900,7.8100,7.1700,4.2700
$50 NBA Daily 8/12,2020-08-12T23:06:38.906025,estk_286a090bdf27e124a1e25447b314f889,evt_286a090bdf27e124,Shake Milton,NBA,18.45,23.13,8,0.18,3.6300,4.7300,5.6000,2.4400
$50 NBA Daily 8/12,2020-08-12T23:06:38.906030,estk_286a090bdf27e124d846b1bc06a60007,evt_286a090bdf27e124,Marc Gasol,NBA,20.64,21.92,5,0.18,3.2500,5.1100,4.8200,2.3300
$50 NBA Daily 8/12,2020-08-12T23:06:38.906048,estk_286a090bdf27e1246de03cb5c6424ccc,evt_286a090bdf27e124,Norman Powell,NBA,19.56,19.79,3.75,0.18,2.6600,4.5900,4.0600,1.4300
$50 NBA Daily 8/12,2020-08-12T23:06:38.906056,estk_286a090bdf27e1248b0372db86dba9af,evt_286a090bdf27e124,Furkan Korkmaz,NBA,17.38,19,4.75,0.18,2.4600,3.4600,4.0100,
$50 NBA Daily 8/12,2020-08-12T23:06:38.906085,estk_286a090bdf27e12489a4b98163393691,evt_286a090bdf27e124,Raul Neto,NBA,4.08,3.35,0,0.18,1.0500,2.6000,2.6000,
$50 NBA Daily 8/12,2020-08-12T23:06:38.906092,estk_286a090bdf27e124575ca725abf50fd3,evt_286a090bdf27e124,Alec Burks,NBA,0,0,0,0.18,1.0000,2.7800,2.5200,
$50 NBA Daily 8/12,2020-08-12T23:06:38.906096,estk_286a090bdf27e1245cdd05960889fa04,evt_286a090bdf27e124,Serge Ibaka,NBA,0,0,0,0.18,1.0000,3.7900,2.5200,
$50 NBA Daily 8/12,2020-08-12T23:06:38.906114,estk_286a090bdf27e12482db34a5ef5dff8e,evt_286a090bdf27e124,OG Anunoby,NBA,0,0,0,0.18,1.0000,2.5200,2.5200,
$50 NBA Daily 8/12,2020-08-12T23:07:39.965353,estk_286a090bdf27e1247a763361bd2f9a08,evt_286a090bdf27e124,Joel Embiid,NBA,44.3,47.88,12,0.19,18.9700,13.3900,21.2500,17.4700
$50 NBA Daily 8/12,2020-08-12T23:07:39.965394,estk_286a090bdf27e12463a58b55849249a4,evt_286a090bdf27e124,Al Horford,NBA,28.1,34.51,11.75,0.19,8.3700,5.8100,10.0400,6.1000
$50 NBA Daily 8/12,2020-08-12T23:07:39.965407,estk_286a090bdf27e1247c131e7cfd4ca8ad,evt_286a090bdf27e124,Pascal Siakam,NBA,31.79,31.25,5.5,0.19,7.5700,9.2000,8.8200,6.1200
$50 NBA Daily 8/12,2020-08-12T23:07:39.965410,estk_286a090bdf27e12477c3d3d4d8ad15c5,evt_286a090bdf27e124,Tobias Harris,NBA,28.37,35.23,12.25,0.19,7.4000,5.8000,9.2900,
$50 NBA Daily 8/12,2020-08-12T23:07:39.965426,estk_286a090bdf27e124cc28fb3568e3a1d6,evt_286a090bdf27e124,Kyle Lowry,NBA,28.13,28.29,5.5,0.19,5.7600,5.6900,7.7800,4.5400
$50 NBA Daily 8/12,2020-08-12T23:07:39.965434,estk_286a090bdf27e124cd439276c8d11f5d,evt_286a090bdf27e124,Fred VanVleet,NBA,29.37,27.29,3.5,0.19,5.3300,7.8100,7.1700,4.2700
$50 NBA Daily 8/12,2020-08-12T23:07:39.965438,estk_286a090bdf27e124b3147c681557a264,evt_286a090bdf27e124,Josh Richardson,NBA,25.07,27.31,7,0.19,5.2800,4.7800,6.8900,4.2500
$50 NBA Daily 8/12,2020-08-12T23:07:39.965468,estk_286a090bdf27e124a1e25447b314f889,evt_286a090bdf27e124,Shake Milton,NBA,18.45,22.94,8,0.19,3.6000,4.7300,5.6000,2.4400
$50 NBA Daily 8/12,2020-08-12T23:07:39.965476,estk_286a090bdf27e124d846b1bc06a60007,evt_286a090bdf27e124,Marc Gasol,NBA,20.64,21.72,5,0.19,3.2000,5.1100,4.7600,2.3300
$50 NBA Daily 8/12,2020-08-12T23:07:39.965491,estk_286a090bdf27e1246de03cb5c6424ccc,evt_286a090bdf27e124,Norman Powell,NBA,19.56,19.59,3.75,0.19,2.6200,4.5900,4.0600,1.4300
$50 NBA Daily 8/12,2020-08-12T23:07:39.965499,estk_286a090bdf27e1248b0372db86dba9af,evt_286a090bdf27e124,Furkan Korkmaz,NBA,17.38,18.83,4.75,0.19,2.4300,3.4600,4.0100,
$50 NBA Daily 8/12,2020-08-12T23:07:39.965528,estk_286a090bdf27e12489a4b98163393691,evt_286a090bdf27e124,Raul Neto,NBA,4.08,3.3,0,0.19,1.0500,2.6000,2.6000,
$50 NBA Daily 8/12,2020-08-12T23:07:39.965535,estk_286a090bdf27e124575ca725abf50fd3,evt_286a090bdf27e124,Alec Burks,NBA,0,0,0,0.19,1.0000,2.7800,2.5200,
$50 NBA Daily 8/12,2020-08-12T23:07:39.965540,estk_286a090bdf27e1245cdd05960889fa04,evt_286a090bdf27e124,Serge Ibaka,NBA,0,0,0,0.19,1.0000,3.7900,2.5200,
$50 NBA Daily 8/12,2020-08-12T23:07:39.965557,estk_286a090bdf27e12482db34a5ef5dff8e,evt_286a090bdf27e124,OG Anunoby,NBA,0,0,0,0.19,1.0000,2.5200,2.5200,
$50 NBA Daily 8/12,2020-08-12T23:11:44.233702,estk_286a090bdf27e1247a763361bd2f9a08,evt_286a090bdf27e124,Joel Embiid,NBA,44.3,49.44,14,0.2,18.5800,13.3900,20.5200,16.7800
$50 NBA Daily 8/12,2020-08-12T23:11:44.233748,estk_286a090bdf27e12477c3d3d4d8ad15c5,evt_286a090bdf27e124,Tobias Harris,NBA,28.37,34.95,12.25,0.2,9.4000,5.8000,11.1600,7.7800
$50 NBA Daily 8/12,2020-08-12T23:11:44.233752,estk_286a090bdf27e12463a58b55849249a4,evt_286a090bdf27e124,Al Horford,NBA,28.1,34.23,11.75,0.2,8.9700,5.8100,10.6300,6.7000
$50 NBA Daily 8/12,2020-08-12T23:11:44.233764,estk_286a090bdf27e1247c131e7cfd4ca8ad,evt_286a090bdf27e124,Pascal Siakam,NBA,31.79,30.93,5.5,0.2,7.0700,9.2000,8.8200,6.1200
$50 NBA Daily 8/12,2020-08-12T23:11:44.233783,estk_286a090bdf27e124cc28fb3568e3a1d6,evt_286a090bdf27e124,Kyle Lowry,NBA,28.13,28,5.5,0.2,5.5300,5.6900,7.1900,4.5400
$50 NBA Daily 8/12,2020-08-12T23:11:44.233787,estk_286a090bdf27e124b3147c681557a264,evt_286a090bdf27e124,Josh Richardson,NBA,25.07,27.06,7,0.2,5.1300,4.7800,6.8900,3.9900
$50 NBA Daily 8/12,2020-08-12T23:11:44.233791,estk_286a090bdf27e124cd439276c8d11f5d,evt_286a090bdf27e124,Fred VanVleet,NBA,29.37,27,3.5,0.2,5.0900,7.8100,6.9400,4.1500
$50 NBA Daily 8/12,2020-08-12T23:11:44.233820,estk_286a090bdf27e124a1e25447b314f889,evt_286a090bdf27e124,Shake Milton,NBA,18.45,22.76,8,0.2,3.4600,4.7300,5.0300,2.4400
$50 NBA Daily 8/12,2020-08-12T23:11:44.233832,estk_286a090bdf27e124d846b1bc06a60007,evt_286a090bdf27e124,Marc Gasol,NBA,20.64,25.01,8.5,0.2,3.0800,4.7600,4.7600,2.1900
$50 NBA Daily 8/12,2020-08-12T23:11:44.233843,estk_286a090bdf27e1246de03cb5c6424ccc,evt_286a090bdf27e124,Norman Powell,NBA,19.56,20.9,5.25,0.2,2.5400,4.5900,4.0600,1.4300
$50 NBA Daily 8/12,2020-08-12T23:11:44.233854,estk_286a090bdf27e1248b0372db86dba9af,evt_286a090bdf27e124,Furkan Korkmaz,NBA,17.38,20.15,6.25,0.2,2.3600,3.4600,4.0100,
$50 NBA Daily 8/12,2020-08-12T23:11:44.233879,estk_286a090bdf27e12489a4b98163393691,evt_286a090bdf27e124,Raul Neto,NBA,4.08,3.26,0,0.2,1.0500,2.6000,2.5700,
$50 NBA Daily 8/12,2020-08-12T23:11:44.233886,estk_286a090bdf27e124575ca725abf50fd3,evt_286a090bdf27e124,Alec Burks,NBA,0,0,0,0.2,1.0000,2.7800,2.5200,
$50 NBA Daily 8/12,2020-08-12T23:11:44.233890,estk_286a090bdf27e1245cdd05960889fa04,evt_286a090bdf27e124,Serge Ibaka,NBA,0,0,0,0.2,1.0000,3.7900,2.5200,
$50 NBA Daily 8/12,2020-08-12T23:11:44.233908,estk_286a090bdf27e12482db34a5ef5dff8e,evt_286a090bdf27e124,OG Anunoby,NBA,0,0,0,0.2,1.0000,2.5200,2.5200,
$50 NBA Daily 8/12,2020-08-12T23:12:45.293776,estk_286a090bdf27e1247a763361bd2f9a08,evt_286a090bdf27e124,Joel Embiid,NBA,44.3,48.55,14,0.22,19.6000,13.3900,21.4900,
$50 NBA Daily 8/12,2020-08-12T23:12:45.293824,estk_286a090bdf27e12477c3d3d4d8ad15c5,evt_286a090bdf27e124,Tobias Harris,NBA,28.37,34.38,12.25,0.22,9.1700,5.8000,11.1600,7.7800
$50 NBA Daily 8/12,2020-08-12T23:12:45.293828,estk_286a090bdf27e12463a58b55849249a4,evt_286a090bdf27e124,Al Horford,NBA,28.1,33.67,11.75,0.22,8.7600,5.8100,10.6300,6.7000
$50 NBA Daily 8/12,2020-08-12T23:12:45.293847,estk_286a090bdf27e1247c131e7cfd4ca8ad,evt_286a090bdf27e124,Pascal Siakam,NBA,31.79,30.3,5.5,0.22,6.8700,9.2000,8.8200,5.9200
$50 NBA Daily 8/12,2020-08-12T23:12:45.293866,estk_286a090bdf27e124cc28fb3568e3a1d6,evt_286a090bdf27e124,Kyle Lowry,NBA,28.13,27.44,5.5,0.22,5.3500,5.6900,7.1900,4.3300
$50 NBA Daily 8/12,2020-08-12T23:12:45.293870,estk_286a090bdf27e124cd439276c8d11f5d,evt_286a090bdf27e124,Fred VanVleet,NBA,29.37,26.41,3.5,0.22,4.9400,6.5400,6.5400,3.9500
$50 NBA Daily 8/12,2020-08-12T23:12:45.293873,estk_286a090bdf27e124b3147c681557a264,evt_286a090bdf27e124,Josh Richardson,NBA,25.07,26.55,7,0.22,4.9300,6.8900,6.8900,3.9900
$50 NBA Daily 8/12,2020-08-12T23:12:45.293886,estk_286a090bdf27e124d846b1bc06a60007,evt_286a090bdf27e124,Marc Gasol,NBA,20.64,24.6,8.5,0.22,4.1500,5.1100,5.7300,2.1900
$50 NBA Daily 8/12,2020-08-12T23:12:45.293908,estk_286a090bdf27e124a1e25447b314f889,evt_286a090bdf27e124,Shake Milton,NBA,18.45,22.39,8,0.22,3.3600,5.0300,4.9300,2.4400
$50 NBA Daily 8/12,2020-08-12T23:12:45.293923,estk_286a090bdf27e1246de03cb5c6424ccc,evt_286a090bdf27e124,Norman Powell,NBA,19.56,20.51,5.25,0.22,2.8000,4.5900,4.0600,1.4300
$50 NBA Daily 8/12,2020-08-12T23:12:45.293927,estk_286a090bdf27e1248b0372db86dba9af,evt_286a090bdf27e124,Furkan Korkmaz,NBA,17.38,19.81,6.25,0.22,2.6400,3.4600,4.0100,
$50 NBA Daily 8/12,2020-08-12T23:12:45.293963,estk_286a090bdf27e12489a4b98163393691,evt_286a090bdf27e124,Raul Neto,NBA,4.08,6.43,3.25,0.22,1.0400,2.6000,2.5700,
$50 NBA Daily 8/12,2020-08-12T23:12:45.293970,estk_286a090bdf27e124575ca725abf50fd3,evt_286a090bdf27e124,Alec Burks,NBA,0,0,0,0.22,1.0000,2.5200,2.5200,
$50 NBA Daily 8/12,2020-08-12T23:12:45.293974,estk_286a090bdf27e1245cdd05960889fa04,evt_286a090bdf27e124,Serge Ibaka,NBA,0,0,0,0.22,1.0000,3.7900,2.5200,
$50 NBA Daily 8/12,2020-08-12T23:12:45.293992,estk_286a090bdf27e12482db34a5ef5dff8e,evt_286a090bdf27e124,OG Anunoby,NBA,0,0,0,0.22,1.0000,2.5200,2.5200,
$50 NBA Daily 8/12,2020-08-12T23:14:47.448919,estk_286a090bdf27e1247a763361bd2f9a08,evt_286a090bdf27e124,Joel Embiid,NBA,44.3,47.61,13.5,0.23,19.1500,13.3900,21.4900,17.7100
$50 NBA Daily 8/12,2020-08-12T23:14:47.448962,estk_286a090bdf27e12477c3d3d4d8ad15c5,evt_286a090bdf27e124,Tobias Harris,NBA,28.37,34.09,12.25,0.23,8.9900,11.1600,10.6600,7.7800
$50 NBA Daily 8/12,2020-08-12T23:14:47.448966,estk_286a090bdf27e12463a58b55849249a4,evt_286a090bdf27e124,Al Horford,NBA,28.1,33.39,11.75,0.23,8.5700,5.8100,10.6300,6.7000
$50 NBA Daily 8/12,2020-08-12T23:14:47.448982,estk_286a090bdf27e1247c131e7cfd4ca8ad,evt_286a090bdf27e124,Pascal Siakam,NBA,31.79,29.98,5.5,0.23,6.6200,9.2000,8.2100,5.4700
$50 NBA Daily 8/12,2020-08-12T23:14:47.448997,estk_286a090bdf27e124cc28fb3568e3a1d6,evt_286a090bdf27e124,Kyle Lowry,NBA,28.13,27.16,5.5,0.23,5.2000,5.6900,7.1900,3.9200
$50 NBA Daily 8/12,2020-08-12T23:14:47.449001,estk_286a090bdf27e124b3147c681557a264,evt_286a090bdf27e124,Josh Richardson,NBA,25.07,26.3,7,0.23,4.8000,6.5300,6.4500,3.6100
$50 NBA Daily 8/12,2020-08-12T23:14:47.449005,estk_286a090bdf27e124cd439276c8d11f5d,evt_286a090bdf27e124,Fred VanVleet,NBA,29.37,26.11,3.5,0.23,4.7600,6.5400,6.3100,3.8000
$50 NBA Daily 8/12,2020-08-12T23:14:47.449016,estk_286a090bdf27e124d846b1bc06a60007,evt_286a090bdf27e124,Marc Gasol,NBA,20.64,25.14,9.25,0.23,4.0200,5.7300,5.6000,2.4400
$50 NBA Daily 8/12,2020-08-12T23:14:47.449038,estk_286a090bdf27e124a1e25447b314f889,evt_286a090bdf27e124,Shake Milton,NBA,18.45,22.21,8,0.23,3.2600,5.0300,4.9300,2.4400
$50 NBA Daily 8/12,2020-08-12T23:14:47.449053,estk_286a090bdf27e1246de03cb5c6424ccc,evt_286a090bdf27e124,Norman Powell,NBA,19.56,21.31,6.25,0.23,2.7500,4.5900,4.0600,1.4300
$50 NBA Daily 8/12,2020-08-12T23:14:47.449060,estk_286a090bdf27e1248b0372db86dba9af,evt_286a090bdf27e124,Furkan Korkmaz,NBA,17.38,19.13,5.75,0.23,2.5400,3.4600,4.0100,1.0900
$50 NBA Daily 8/12,2020-08-12T23:14:47.449093,estk_286a090bdf27e12489a4b98163393691,evt_286a090bdf27e124,Raul Neto,NBA,4.08,5.89,2.75,0.23,1.1000,2.6300,2.5600,
$50 NBA Daily 8/12,2020-08-12T23:14:47.449100,estk_286a090bdf27e124575ca725abf50fd3,evt_286a090bdf27e124,Alec Burks,NBA,0,0,0,0.23,1.0000,2.5200,2.5200,
$50 NBA Daily 8/12,2020-08-12T23:14:47.449103,estk_286a090bdf27e1245cdd05960889fa04,evt_286a090bdf27e124,Serge Ibaka,NBA,0,0,0,0.23,1.0000,2.5200,2.5200,
$50 NBA Daily 8/12,2020-08-12T23:14:47.449121,estk_286a090bdf27e12482db34a5ef5dff8e,evt_286a090bdf27e124,OG Anunoby,NBA,0,0,0,0.23,1.0000,2.5200,2.5200,
$50 NBA Daily 8/12,2020-08-12T23:15:48.485680,estk_286a090bdf27e1247a763361bd2f9a08,evt_286a090bdf27e124,Joel Embiid,NBA,44.3,46.22,13,0.25,19.1500,13.3900,21.4900,17.7100
$50 NBA Daily 8/12,2020-08-12T23:15:48.485722,estk_286a090bdf27e12477c3d3d4d8ad15c5,evt_286a090bdf27e124,Tobias Harris,NBA,28.37,33.53,12.25,0.25,8.9900,11.1600,10.6600,7.7800
$50 NBA Daily 8/12,2020-08-12T23:15:48.485726,estk_286a090bdf27e12463a58b55849249a4,evt_286a090bdf27e124,Al Horford,NBA,28.1,32.83,11.75,0.25,8.5700,5.8100,10.6300,6.7000
$50 NBA Daily 8/12,2020-08-12T23:15:48.485741,estk_286a090bdf27e1247c131e7cfd4ca8ad,evt_286a090bdf27e124,Pascal Siakam,NBA,31.79,29.34,5.5,0.25,6.6200,9.2000,8.2100,5.4700
$50 NBA Daily 8/12,2020-08-12T23:15:48.485756,estk_286a090bdf27e124cc28fb3568e3a1d6,evt_286a090bdf27e124,Kyle Lowry,NBA,28.13,26.6,5.5,0.25,5.2000,5.6900,7.1900,3.9200
$50 NBA Daily 8/12,2020-08-12T23:15:48.485760,estk_286a090bdf27e124b3147c681557a264,evt_286a090bdf27e124,Josh Richardson,NBA,25.07,25.8,7,0.25,4.8000,6.5300,6.4500,3.6100
$50 NBA Daily 8/12,2020-08-12T23:15:48.485764,estk_286a090bdf27e124cd439276c8d11f5d,evt_286a090bdf27e124,Fred VanVleet,NBA,29.37,25.53,3.5,0.25,4.7600,6.5400,6.3100,3.8000
$50 NBA Daily 8/12,2020-08-12T23:15:48.485776,estk_286a090bdf27e124d846b1bc06a60007,evt_286a090bdf27e124,Marc Gasol,NBA,20.64,28.23,12.75,0.25,4.0200,5.7300,5.6000,2.4400
$50 NBA Daily 8/12,2020-08-12T23:15:48.485798,estk_286a090bdf27e124a1e25447b314f889,evt_286a090bdf27e124,Shake Milton,NBA,18.45,21.84,8,0.25,3.2600,5.0300,4.9300,2.4400
$50 NBA Daily 8/12,2020-08-12T23:15:48.485814,estk_286a090bdf27e1246de03cb5c6424ccc,evt_286a090bdf27e124,Norman Powell,NBA,19.56,21.92,7.25,0.25,2.7500,4.5900,4.0600,1.4300
$50 NBA Daily 8/12,2020-08-12T23:15:48.485825,estk_286a090bdf27e1248b0372db86dba9af,evt_286a090bdf27e124,Furkan Korkmaz,NBA,17.38,18.79,5.75,0.25,2.5400,3.4600,4.0100,1.0900
$50 NBA Daily 8/12,2020-08-12T23:15:48.485858,estk_286a090bdf27e12489a4b98163393691,evt_286a090bdf27e124,Raul Neto,NBA,4.08,5.81,2.75,0.25,1.1000,2.6300,2.5600,
$50 NBA Daily 8/12,2020-08-12T23:15:48.485865,estk_286a090bdf27e124575ca725abf50fd3,evt_286a090bdf27e124,Alec Burks,NBA,0,0,0,0.25,1.0000,2.5200,2.5200,
$50 NBA Daily 8/12,2020-08-12T23:15:48.485869,estk_286a090bdf27e1245cdd05960889fa04,evt_286a090bdf27e124,Serge Ibaka,NBA,0,0,0,0.25,1.0000,2.5200,2.5200,
$50 NBA Daily 8/12,2020-08-12T23:15:48.485887,estk_286a090bdf27e12482db34a5ef5dff8e,evt_286a090bdf27e124,OG Anunoby,NBA,0,0,0,0.25,1.0000,2.5200,2.5200,
$50 NBA Daily 8/12,2020-08-12T23:21:55.805594,estk_286a090bdf27e1247a763361bd2f9a08,evt_286a090bdf27e124,Joel Embiid,NBA,44.3,46.09,13.75,0.27,17.9300,13.3900,19.7900,16.0700
$50 NBA Daily 8/12,2020-08-12T23:21:55.805638,estk_286a090bdf27e12477c3d3d4d8ad15c5,evt_286a090bdf27e124,Tobias Harris,NBA,28.37,32.96,12.25,0.27,8.5900,11.1600,10.2100,7.4900
$50 NBA Daily 8/12,2020-08-12T23:21:55.805650,estk_286a090bdf27e12463a58b55849249a4,evt_286a090bdf27e124,Al Horford,NBA,28.1,32.26,11.75,0.27,8.1200,5.8100,9.7700,7.0800
$50 NBA Daily 8/12,2020-08-12T23:21:55.805661,estk_286a090bdf27e1247c131e7cfd4ca8ad,evt_286a090bdf27e124,Pascal Siakam,NBA,31.79,28.71,5.5,0.27,6.1600,9.2000,8.2100,5.2300
$50 NBA Daily 8/12,2020-08-12T23:21:55.805672,estk_286a090bdf27e124d846b1bc06a60007,evt_286a090bdf27e124,Marc Gasol,NBA,20.64,29.32,14.25,0.27,5.5600,5.7300,7.2000,3.9800
$50 NBA Daily 8/12,2020-08-12T23:21:55.805676,estk_286a090bdf27e124cc28fb3568e3a1d6,evt_286a090bdf27e124,Kyle Lowry,NBA,28.13,28.03,7.5,0.27,4.8600,5.6900,6.4600,3.9200
$50 NBA Daily 8/12,2020-08-12T23:21:55.805684,estk_286a090bdf27e124b3147c681557a264,evt_286a090bdf27e124,Josh Richardson,NBA,25.07,25.3,7,0.27,4.4900,6.5300,6.0800,3.6100
$50 NBA Daily 8/12,2020-08-12T23:21:55.805692,estk_286a090bdf27e124cd439276c8d11f5d,evt_286a090bdf27e124,Fred VanVleet,NBA,29.37,24.94,3.5,0.27,4.3700,6.5400,6.0000,3.3400
$50 NBA Daily 8/12,2020-08-12T23:21:55.805713,estk_286a090bdf27e1246de03cb5c6424ccc,evt_286a090bdf27e124,Norman Powell,NBA,19.56,22.53,8.25,0.27,3.4100,4.5900,4.6600,1.5400
$50 NBA Daily 8/12,2020-08-12T23:21:55.805725,estk_286a090bdf27e124a1e25447b314f889,evt_286a090bdf27e124,Shake Milton,NBA,18.45,21.47,8,0.27,3.0800,5.0300,4.9300,2.1000
$50 NBA Daily 8/12,2020-08-12T23:21:55.805743,estk_286a090bdf27e1248b0372db86dba9af,evt_286a090bdf27e124,Furkan Korkmaz,NBA,17.38,17.94,5.25,0.27,2.2700,3.4600,4.0100,1.0900
$50 NBA Daily 8/12,2020-08-12T23:21:55.805768,estk_286a090bdf27e12489a4b98163393691,evt_286a090bdf27e124,Raul Neto,NBA,4.08,5.23,2.25,0.27,1.0600,2.6300,2.5600,
$50 NBA Daily 8/12,2020-08-12T23:21:55.805775,estk_286a090bdf27e124575ca725abf50fd3,evt_286a090bdf27e124,Alec Burks,NBA,0,0,0,0.27,1.0000,2.5200,2.5200,
$50 NBA Daily 8/12,2020-08-12T23:21:55.805778,estk_286a090bdf27e1245cdd05960889fa04,evt_286a090bdf27e124,Serge Ibaka,NBA,0,0,0,0.27,1.0000,2.5200,2.5200,
$50 NBA Daily 8/12,2020-08-12T23:21:55.805796,estk_286a090bdf27e12482db34a5ef5dff8e,evt_286a090bdf27e124,OG Anunoby,NBA,0,0,0,0.27,1.0000,2.5200,2.5200,
$50 NBA Daily 8/12,2020-08-12T23:22:56.941707,estk_286a090bdf27e1247a763361bd2f9a08,evt_286a090bdf27e124,Joel Embiid,NBA,44.3,46.45,15,0.29,18.0200,13.3900,19.7900,16.1600
$50 NBA Daily 8/12,2020-08-12T23:22:56.941759,estk_286a090bdf27e12477c3d3d4d8ad15c5,evt_286a090bdf27e124,Tobias Harris,NBA,28.37,32.39,12.25,0.29,8.1600,11.1600,9.8200,6.8700
$50 NBA Daily 8/12,2020-08-12T23:22:56.941763,estk_286a090bdf27e12463a58b55849249a4,evt_286a090bdf27e124,Al Horford,NBA,28.1,31.7,11.75,0.29,7.7700,5.8100,9.7700,6.7000
$50 NBA Daily 8/12,2020-08-12T23:22:56.941775,estk_286a090bdf27e124d846b1bc06a60007,evt_286a090bdf27e124,Marc Gasol,NBA,20.64,30.15,15.5,0.29,6.0900,5.7300,7.7100,4.4700
$50 NBA Daily 8/12,2020-08-12T23:22:56.941782,estk_286a090bdf27e1247c131e7cfd4ca8ad,evt_286a090bdf27e124,Pascal Siakam,NBA,31.79,28.07,5.5,0.29,5.8100,9.2000,7.4300,4.5600
$50 NBA Daily 8/12,2020-08-12T23:22:56.941790,estk_286a090bdf27e124cc28fb3568e3a1d6,evt_286a090bdf27e124,Kyle Lowry,NBA,28.13,28.97,9,0.29,5.5100,5.6900,7.1200,3.9200
$50 NBA Daily 8/12,2020-08-12T23:22:56.941801,estk_286a090bdf27e124b3147c681557a264,evt_286a090bdf27e124,Josh Richardson,NBA,25.07,24.8,7,0.29,4.2800,6.5300,5.8700,3.3300
$50 NBA Daily 8/12,2020-08-12T23:22:56.941805,estk_286a090bdf27e124cd439276c8d11f5d,evt_286a090bdf27e124,Fred VanVleet,NBA,29.37,24.35,3.5,0.29,4.1100,6.5400,5.6900,3.1300
$50 NBA Daily 8/12,2020-08-12T23:22:56.941831,estk_286a090bdf27e1246de03cb5c6424ccc,evt_286a090bdf27e124,Norman Powell,NBA,19.56,22.14,8.25,0.29,3.2600,4.5900,4.6600,1.5400
$50 NBA Daily 8/12,2020-08-12T23:22:56.941842,estk_286a090bdf27e124a1e25447b314f889,evt_286a090bdf27e124,Shake Milton,NBA,18.45,21.1,8,0.29,2.9600,5.0300,4.5200,2.1000
$50 NBA Daily 8/12,2020-08-12T23:22:56.941864,estk_286a090bdf27e1248b0372db86dba9af,evt_286a090bdf27e124,Furkan Korkmaz,NBA,17.38,19.09,6.75,0.29,2.0900,3.4600,4.0100,1.0900
$50 NBA Daily 8/12,2020-08-12T23:22:56.941882,estk_286a090bdf27e12489a4b98163393691,evt_286a090bdf27e124,Raul Neto,NBA,4.08,10.15,7.25,0.29,1.0600,2.6300,2.5600,
$50 NBA Daily 8/12,2020-08-12T23:22:56.941889,estk_286a090bdf27e124575ca725abf50fd3,evt_286a090bdf27e124,Alec Burks,NBA,0,0,0,0.29,1.0000,2.5200,2.5200,
$50 NBA Daily 8/12,2020-08-12T23:22:56.941893,estk_286a090bdf27e1245cdd05960889fa04,evt_286a090bdf27e124,Serge Ibaka,NBA,0,0,0,0.29,1.0000,2.5200,2.5200,
$50 NBA Daily 8/12,2020-08-12T23:22:56.941911,estk_286a090bdf27e12482db34a5ef5dff8e,evt_286a090bdf27e124,OG Anunoby,NBA,0,0,0,0.29,1.0000,2.5200,2.5200,
$50 NBA Daily 8/12,2020-08-12T23:23:58.073702,estk_286a090bdf27e1247a763361bd2f9a08,evt_286a090bdf27e124,Joel Embiid,NBA,44.3,46.01,15,0.3,18.2000,13.3900,19.7900,16.1600
$50 NBA Daily 8/12,2020-08-12T23:23:58.073755,estk_286a090bdf27e12477c3d3d4d8ad15c5,evt_286a090bdf27e124,Tobias Harris,NBA,28.37,32.11,12.25,0.3,7.8300,11.1600,9.4900,6.8700
$50 NBA Daily 8/12,2020-08-12T23:23:58.073759,estk_286a090bdf27e12463a58b55849249a4,evt_286a090bdf27e124,Al Horford,NBA,28.1,31.42,11.75,0.3,7.4200,5.8100,9.0700,6.4600
$50 NBA Daily 8/12,2020-08-12T23:23:58.073767,estk_286a090bdf27e124d846b1bc06a60007,evt_286a090bdf27e124,Marc Gasol,NBA,20.64,29.95,15.5,0.3,6.5900,5.7300,8.2200,4.4700
$50 NBA Daily 8/12,2020-08-12T23:23:58.073779,estk_286a090bdf27e124cc28fb3568e3a1d6,evt_286a090bdf27e124,Kyle Lowry,NBA,28.13,28.69,9,0.3,5.9300,5.6900,7.1200,4.3100
$50 NBA Daily 8/12,2020-08-12T23:23:58.073786,estk_286a090bdf27e1247c131e7cfd4ca8ad,evt_286a090bdf27e124,Pascal Siakam,NBA,31.79,27.75,5.5,0.3,5.4600,9.2000,7.4300,4.5600
$50 NBA Daily 8/12,2020-08-12T23:23:58.073797,estk_286a090bdf27e124b3147c681557a264,evt_286a090bdf27e124,Josh Richardson,NBA,25.07,24.55,7,0.3,4.0500,6.5300,5.8700,3.2000
$50 NBA Daily 8/12,2020-08-12T23:23:58.073809,estk_286a090bdf27e124cd439276c8d11f5d,evt_286a090bdf27e124,Fred VanVleet,NBA,29.37,24.06,3.5,0.3,3.8800,6.5400,5.4600,2.8200
$50 NBA Daily 8/12,2020-08-12T23:23:58.073831,estk_286a090bdf27e1246de03cb5c6424ccc,evt_286a090bdf27e124,Norman Powell,NBA,19.56,21.44,7.75,0.3,3.1100,4.5900,4.6600,1.5400
$50 NBA Daily 8/12,2020-08-12T23:23:58.073839,estk_286a090bdf27e124a1e25447b314f889,evt_286a090bdf27e124,Shake Milton,NBA,18.45,20.91,8,0.3,2.8000,5.0300,4.3600,1.8900
$50 NBA Daily 8/12,2020-08-12T23:23:58.073853,estk_286a090bdf27e1248b0372db86dba9af,evt_286a090bdf27e124,Furkan Korkmaz,NBA,17.38,22.42,10.25,0.3,2.3100,3.4600,4.0100,1.0900
$50 NBA Daily 8/12,2020-08-12T23:23:58.073877,estk_286a090bdf27e12489a4b98163393691,evt_286a090bdf27e124,Raul Neto,NBA,4.08,11.61,8.75,0.3,1.2000,2.6300,2.5600,
$50 NBA Daily 8/12,2020-08-12T23:23:58.073885,estk_286a090bdf27e124575ca725abf50fd3,evt_286a090bdf27e124,Alec Burks,NBA,0,0,0,0.3,1.0000,2.5200,2.5200,
$50 NBA Daily 8/12,2020-08-12T23:23:58.073889,estk_286a090bdf27e1245cdd05960889fa04,evt_286a090bdf27e124,Serge Ibaka,NBA,0,0,0,0.3,1.0000,2.5200,2.5200,
$50 NBA Daily 8/12,2020-08-12T23:23:58.073907,estk_286a090bdf27e12482db34a5ef5dff8e,evt_286a090bdf27e124,OG Anunoby,NBA,0,0,0,0.3,1.0000,2.5200,2.5200,
$50 NBA Daily 8/12,2020-08-12T23:24:59.168830,estk_286a090bdf27e1247a763361bd2f9a08,evt_286a090bdf27e124,Joel Embiid,NBA,44.3,45.12,15,0.32,17.9700,13.3900,19.7900,16.1600
$50 NBA Daily 8/12,2020-08-12T23:24:59.168881,estk_286a090bdf27e12477c3d3d4d8ad15c5,evt_286a090bdf27e124,Tobias Harris,NBA,28.37,31.54,12.25,0.32,7.7100,11.1600,9.4900,6.1700
$50 NBA Daily 8/12,2020-08-12T23:24:59.168886,estk_286a090bdf27e12463a58b55849249a4,evt_286a090bdf27e124,Al Horford,NBA,28.1,30.86,11.75,0.32,7.2600,5.8100,9.0700,6.1100
$50 NBA Daily 8/12,2020-08-12T23:24:59.168893,estk_286a090bdf27e124d846b1bc06a60007,evt_286a090bdf27e124,Marc Gasol,NBA,20.64,29.54,15.5,0.32,6.4900,5.7300,8.2200,4.4700
$50 NBA Daily 8/12,2020-08-12T23:24:59.168905,estk_286a090bdf27e124cc28fb3568e3a1d6,evt_286a090bdf27e124,Kyle Lowry,NBA,28.13,28.13,9,0.32,5.8300,5.6900,7.1200,4.3100
$50 NBA Daily 8/12,2020-08-12T23:24:59.168912,estk_286a090bdf27e1247c131e7cfd4ca8ad,evt_286a090bdf27e124,Pascal Siakam,NBA,31.79,27.12,5.5,0.32,5.3300,9.2000,7.4300,3.8500
$50 NBA Daily 8/12,2020-08-12T23:24:59.168931,estk_286a090bdf27e124b3147c681557a264,evt_286a090bdf27e124,Josh Richardson,NBA,25.07,24.05,7,0.32,3.9600,6.5300,5.5400,2.9000
$50 NBA Daily 8/12,2020-08-12T23:24:59.168943,estk_286a090bdf27e124cd439276c8d11f5d,evt_286a090bdf27e124,Fred VanVleet,NBA,29.37,23.47,3.5,0.32,3.8000,6.5400,5.4600,2.8200
$50 NBA Daily 8/12,2020-08-12T23:24:59.168958,estk_286a090bdf27e1248b0372db86dba9af,evt_286a090bdf27e124,Furkan Korkmaz,NBA,17.38,22.82,11,0.32,3.1700,3.4600,4.7300,1.6100
$50 NBA Daily 8/12,2020-08-12T23:24:59.168965,estk_286a090bdf27e1246de03cb5c6424ccc,evt_286a090bdf27e124,Norman Powell,NBA,19.56,21.05,7.75,0.32,2.9000,4.5900,4.6600,1.5400
$50 NBA Daily 8/12,2020-08-12T23:24:59.168969,estk_286a090bdf27e124a1e25447b314f889,evt_286a090bdf27e124,Shake Milton,NBA,18.45,21.55,9,0.32,2.7300,5.0300,4.3600,1.8900
$50 NBA Daily 8/12,2020-08-12T23:24:59.169004,estk_286a090bdf27e12489a4b98163393691,evt_286a090bdf27e124,Raul Neto,NBA,4.08,11.52,8.75,0.32,1.2700,2.6300,2.5600,
$50 NBA Daily 8/12,2020-08-12T23:24:59.169012,estk_286a090bdf27e124575ca725abf50fd3,evt_286a090bdf27e124,Alec Burks,NBA,0,0,0,0.32,1.0000,2.5200,2.5200,
$50 NBA Daily 8/12,2020-08-12T23:24:59.169015,estk_286a090bdf27e1245cdd05960889fa04,evt_286a090bdf27e124,Serge Ibaka,NBA,0,0,0,0.32,1.0000,2.5200,2.5200,
$50 NBA Daily 8/12,2020-08-12T23:24:59.169033,estk_286a090bdf27e12482db34a5ef5dff8e,evt_286a090bdf27e124,OG Anunoby,NBA,0,0,0,0.32,1.0000,2.5200,2.5200,
$50 NBA Daily 8/12,2020-08-12T23:26:00.302176,estk_286a090bdf27e1247a763361bd2f9a08,evt_286a090bdf27e124,Joel Embiid,NBA,44.3,44.68,15,0.33,17.2800,13.3900,19.7900,16.1600
$50 NBA Daily 8/12,2020-08-12T23:26:00.302227,estk_286a090bdf27e12477c3d3d4d8ad15c5,evt_286a090bdf27e124,Tobias Harris,NBA,28.37,31.26,12.25,0.33,7.3100,11.1600,9.4900,6.1700
$50 NBA Daily 8/12,2020-08-12T23:26:00.302234,estk_286a090bdf27e12463a58b55849249a4,evt_286a090bdf27e124,Al Horford,NBA,28.1,30.58,11.75,0.33,6.9400,5.8100,9.0700,6.1100
$50 NBA Daily 8/12,2020-08-12T23:26:00.302242,estk_286a090bdf27e124d846b1bc06a60007,evt_286a090bdf27e124,Marc Gasol,NBA,20.64,29.33,15.5,0.33,6.2200,5.7300,8.2200,4.4700
$50 NBA Daily 8/12,2020-08-12T23:26:00.302254,estk_286a090bdf27e124cc28fb3568e3a1d6,evt_286a090bdf27e124,Kyle Lowry,NBA,28.13,27.85,9,0.33,5.4800,5.6900,7.1200,4.3100
$50 NBA Daily 8/12,2020-08-12T23:26:00.302258,estk_286a090bdf27e1247c131e7cfd4ca8ad,evt_286a090bdf27e124,Pascal Siakam,NBA,31.79,26.8,5.5,0.33,4.9300,9.2000,7.4300,3.8500
$50 NBA Daily 8/12,2020-08-12T23:26:00.302287,estk_286a090bdf27e124b3147c681557a264,evt_286a090bdf27e124,Josh Richardson,NBA,25.07,23.8,7,0.33,3.7100,6.5300,5.5400,2.9000
$50 NBA Daily 8/12,2020-08-12T23:26:00.302291,estk_286a090bdf27e124cd439276c8d11f5d,evt_286a090bdf27e124,Fred VanVleet,NBA,29.37,23.18,3.5,0.33,3.4200,6.5400,5.4600,2.8200
$50 NBA Daily 8/12,2020-08-12T23:26:00.302298,estk_286a090bdf27e124a1e25447b314f889,evt_286a090bdf27e124,Shake Milton,NBA,18.45,22.61,10.25,0.33,3.2800,5.0300,4.3600,1.8900
$50 NBA Daily 8/12,2020-08-12T23:26:00.302303,estk_286a090bdf27e1248b0372db86dba9af,evt_286a090bdf27e124,Furkan Korkmaz,NBA,17.38,22.64,11,0.33,3.2800,3.4600,4.7300,1.6100
$50 NBA Daily 8/12,2020-08-12T23:26:00.302314,estk_286a090bdf27e1246de03cb5c6424ccc,evt_286a090bdf27e124,Norman Powell,NBA,19.56,20.86,7.75,0.33,2.7500,4.5900,4.6600,1.5400
$50 NBA Daily 8/12,2020-08-12T23:26:00.302350,estk_286a090bdf27e12489a4b98163393691,evt_286a090bdf27e124,Raul Neto,NBA,4.08,11.48,8.75,0.33,1.2600,2.6300,2.5600,
$50 NBA Daily 8/12,2020-08-12T23:26:00.302357,estk_286a090bdf27e124575ca725abf50fd3,evt_286a090bdf27e124,Alec Burks,NBA,0,0,0,0.33,1.0000,2.5200,2.5200,
$50 NBA Daily 8/12,2020-08-12T23:26:00.302361,estk_286a090bdf27e1245cdd05960889fa04,evt_286a090bdf27e124,Serge Ibaka,NBA,0,0,0,0.33,1.0000,2.5200,2.5200,
$50 NBA Daily 8/12,2020-08-12T23:26:00.302379,estk_286a090bdf27e12482db34a5ef5dff8e,evt_286a090bdf27e124,OG Anunoby,NBA,0,0,0,0.33,1.0000,2.5200,2.5200,
$50 NBA Daily 8/12,2020-08-12T23:28:02.517478,estk_286a090bdf27e1247a763361bd2f9a08,evt_286a090bdf27e124,Joel Embiid,NBA,44.3,45.49,16.25,0.34,17.2700,13.3900,19.0200,16.0700
$50 NBA Daily 8/12,2020-08-12T23:28:02.517529,estk_286a090bdf27e12477c3d3d4d8ad15c5,evt_286a090bdf27e124,Tobias Harris,NBA,28.37,30.97,12.25,0.34,7.3000,11.1600,8.9600,6.1700
$50 NBA Daily 8/12,2020-08-12T23:28:02.517537,estk_286a090bdf27e12463a58b55849249a4,evt_286a090bdf27e124,Al Horford,NBA,28.1,30.3,11.75,0.34,6.8500,5.8100,8.5400,5.7700
$50 NBA Daily 8/12,2020-08-12T23:28:02.517545,estk_286a090bdf27e124d846b1bc06a60007,evt_286a090bdf27e124,Marc Gasol,NBA,20.64,30.37,16.75,0.34,6.2200,5.7300,8.2200,4.4700
$50 NBA Daily 8/12,2020-08-12T23:28:02.517557,estk_286a090bdf27e124cc28fb3568e3a1d6,evt_286a090bdf27e124,Kyle Lowry,NBA,28.13,27.07,8.5,0.34,5.4400,5.6900,7.1200,4.3100
$50 NBA Daily 8/12,2020-08-12T23:28:02.517561,estk_286a090bdf27e1247c131e7cfd4ca8ad,evt_286a090bdf27e124,Pascal Siakam,NBA,31.79,26.48,5.5,0.34,4.9200,9.2000,6.5300,3.8500
$50 NBA Daily 8/12,2020-08-12T23:28:02.517591,estk_286a090bdf27e124b3147c681557a264,evt_286a090bdf27e124,Josh Richardson,NBA,25.07,23.05,6.5,0.34,3.6900,6.5300,5.2700,2.6900
$50 NBA Daily 8/12,2020-08-12T23:28:02.517595,estk_286a090bdf27e124cd439276c8d11f5d,evt_286a090bdf27e124,Fred VanVleet,NBA,29.37,22.88,3.5,0.34,3.4700,6.5400,4.9900,2.3000
$50 NBA Daily 8/12,2020-08-12T23:28:02.517603,estk_286a090bdf27e1248b0372db86dba9af,evt_286a090bdf27e124,Furkan Korkmaz,NBA,17.38,22.47,11,0.34,3.2900,3.4600,4.7300,1.7100
$50 NBA Daily 8/12,2020-08-12T23:28:02.517607,estk_286a090bdf27e124a1e25447b314f889,evt_286a090bdf27e124,Shake Milton,NBA,18.45,22.43,10.25,0.34,3.2600,5.0300,4.3600,1.8900
$50 NBA Daily 8/12,2020-08-12T23:28:02.517618,estk_286a090bdf27e1246de03cb5c6424ccc,evt_286a090bdf27e124,Norman Powell,NBA,19.56,20.66,7.75,0.34,2.7300,4.5900,4.2800,1.5400
$50 NBA Daily 8/12,2020-08-12T23:28:02.517656,estk_286a090bdf27e12489a4b98163393691,evt_286a090bdf27e124,Raul Neto,NBA,4.08,11.44,8.75,0.34,1.2500,2.6300,2.5600,
$50 NBA Daily 8/12,2020-08-12T23:28:02.517664,estk_286a090bdf27e124575ca725abf50fd3,evt_286a090bdf27e124,Alec Burks,NBA,0,0,0,0.34,1.0000,2.5200,2.5200,
$50 NBA Daily 8/12,2020-08-12T23:28:02.517668,estk_286a090bdf27e1245cdd05960889fa04,evt_286a090bdf27e124,Serge Ibaka,NBA,0,0,0,0.34,1.0000,2.5200,2.5200,
$50 NBA Daily 8/12,2020-08-12T23:28:02.517685,estk_286a090bdf27e12482db34a5ef5dff8e,evt_286a090bdf27e124,OG Anunoby,NBA,0,0,0,0.34,1.0000,2.5200,2.5200,
$50 NBA Daily 8/12,2020-08-12T23:30:04.692694,estk_286a090bdf27e1247a763361bd2f9a08,evt_286a090bdf27e124,Joel Embiid,NBA,44.3,44.6,16.25,0.36,17.8700,13.3900,19.7200,16.0700
$50 NBA Daily 8/12,2020-08-12T23:30:04.692746,estk_286a090bdf27e12477c3d3d4d8ad15c5,evt_286a090bdf27e124,Tobias Harris,NBA,28.37,33.16,15,0.36,7.1400,11.1600,8.9600,6.1700
$50 NBA Daily 8/12,2020-08-12T23:30:04.692754,estk_286a090bdf27e124d846b1bc06a60007,evt_286a090bdf27e124,Marc Gasol,NBA,20.64,29.96,16.75,0.36,6.8000,5.7300,8.2200,4.4700
$50 NBA Daily 8/12,2020-08-12T23:30:04.692758,estk_286a090bdf27e12463a58b55849249a4,evt_286a090bdf27e124,Al Horford,NBA,28.1,33.23,15.25,0.36,6.7700,5.8100,8.5400,5.7700
$50 NBA Daily 8/12,2020-08-12T23:30:04.692774,estk_286a090bdf27e124cc28fb3568e3a1d6,evt_286a090bdf27e124,Kyle Lowry,NBA,28.13,26.5,8.5,0.36,5.0800,5.6900,7.1200,3.9200
$50 NBA Daily 8/12,2020-08-12T23:30:04.692778,estk_286a090bdf27e1247c131e7cfd4ca8ad,evt_286a090bdf27e124,Pascal Siakam,NBA,31.79,25.35,5,0.36,4.7900,9.2000,6.5300,3.8500
$50 NBA Daily 8/12,2020-08-12T23:30:04.692808,estk_286a090bdf27e124b3147c681557a264,evt_286a090bdf27e124,Josh Richardson,NBA,25.07,24.54,8.5,0.36,3.4500,6.5300,5.0000,2.1400
$50 NBA Daily 8/12,2020-08-12T23:30:04.692812,estk_286a090bdf27e124cd439276c8d11f5d,evt_286a090bdf27e124,Fred VanVleet,NBA,29.37,23.8,5,0.36,3.3900,6.5400,4.9400,2.3000
$50 NBA Daily 8/12,2020-08-12T23:30:04.692820,estk_286a090bdf27e1248b0372db86dba9af,evt_286a090bdf27e124,Furkan Korkmaz,NBA,17.38,22.12,11,0.36,3.2500,3.4600,4.7300,1.7100
$50 NBA Daily 8/12,2020-08-12T23:30:04.692828,estk_286a090bdf27e124a1e25447b314f889,evt_286a090bdf27e124,Shake Milton,NBA,18.45,23.56,11.75,0.36,3.2100,5.0300,4.3600,1.8900
$50 NBA Daily 8/12,2020-08-12T23:30:04.692840,estk_286a090bdf27e1246de03cb5c6424ccc,evt_286a090bdf27e124,Norman Powell,NBA,19.56,20.27,7.75,0.36,2.6900,4.5900,4.2800,1.5400
$50 NBA Daily 8/12,2020-08-12T23:30:04.692872,estk_286a090bdf27e12489a4b98163393691,evt_286a090bdf27e124,Raul Neto,NBA,4.08,11.36,8.75,0.36,1.2600,2.6300,2.5600,
$50 NBA Daily 8/12,2020-08-12T23:30:04.692879,estk_286a090bdf27e124575ca725abf50fd3,evt_286a090bdf27e124,Alec Burks,NBA,0,0,0,0.36,1.0000,2.5200,2.5200,
$50 NBA Daily 8/12,2020-08-12T23:30:04.692883,estk_286a090bdf27e1245cdd05960889fa04,evt_286a090bdf27e124,Serge Ibaka,NBA,0,0,0,0.36,1.0000,2.5200,2.5200,
$50 NBA Daily 8/12,2020-08-12T23:30:04.692901,estk_286a090bdf27e12482db34a5ef5dff8e,evt_286a090bdf27e124,OG Anunoby,NBA,0,0,0,0.36,1.0000,2.5200,2.5200,
$50 NBA Daily 8/12,2020-08-12T23:32:37.546505,estk_286a090bdf27e1247a763361bd2f9a08,evt_286a090bdf27e124,Joel Embiid,NBA,44.3,44.16,16.25,0.37,17.1700,13.3900,18.9700,15.2900
$50 NBA Daily 8/12,2020-08-12T23:32:37.546551,estk_286a090bdf27e12463a58b55849249a4,evt_286a090bdf27e124,Al Horford,NBA,28.1,32.95,15.25,0.37,8.4400,5.8100,10.1100,6.7700
$50 NBA Daily 8/12,2020-08-12T23:32:37.546555,estk_286a090bdf27e12477c3d3d4d8ad15c5,evt_286a090bdf27e124,Tobias Harris,NBA,28.37,32.87,15,0.37,8.4300,11.1600,10.0900,6.7500
$50 NBA Daily 8/12,2020-08-12T23:32:37.546570,estk_286a090bdf27e124d846b1bc06a60007,evt_286a090bdf27e124,Marc Gasol,NBA,20.64,29.75,16.75,0.37,6.4500,5.7300,8.2200,4.8600
$50 NBA Daily 8/12,2020-08-12T23:32:37.546581,estk_286a090bdf27e124cc28fb3568e3a1d6,evt_286a090bdf27e124,Kyle Lowry,NBA,28.13,26.22,8.5,0.37,4.7100,5.6900,6.3900,3.7400
$50 NBA Daily 8/12,2020-08-12T23:32:37.546593,estk_286a090bdf27e1247c131e7cfd4ca8ad,evt_286a090bdf27e124,Pascal Siakam,NBA,31.79,25.03,5,0.37,4.1800,5.7800,5.7600,2.6200
$50 NBA Daily 8/12,2020-08-12T23:32:37.546611,estk_286a090bdf27e124b3147c681557a264,evt_286a090bdf27e124,Josh Richardson,NBA,25.07,24.29,8.5,0.37,3.8500,6.5300,5.0000,2.6200
$50 NBA Daily 8/12,2020-08-12T23:32:37.546618,estk_286a090bdf27e124cd439276c8d11f5d,evt_286a090bdf27e124,Fred VanVleet,NBA,29.37,23.5,5,0.37,3.6100,4.9400,4.9400,2.3000
$50 NBA Daily 8/12,2020-08-12T23:32:37.546622,estk_286a090bdf27e124a1e25447b314f889,evt_286a090bdf27e124,Shake Milton,NBA,18.45,23.37,11.75,0.37,3.4700,5.0300,5.0800,1.9400
$50 NBA Daily 8/12,2020-08-12T23:32:37.546638,estk_286a090bdf27e1248b0372db86dba9af,evt_286a090bdf27e124,Furkan Korkmaz,NBA,17.38,21.95,11,0.37,3.0300,3.4600,4.7300,1.7100
$50 NBA Daily 8/12,2020-08-12T23:32:37.546649,estk_286a090bdf27e1246de03cb5c6424ccc,evt_286a090bdf27e124,Norman Powell,NBA,19.56,20.07,7.75,0.37,2.5100,4.5900,4.0300,1.5400
$50 NBA Daily 8/12,2020-08-12T23:32:37.546677,estk_286a090bdf27e12489a4b98163393691,evt_286a090bdf27e124,Raul Neto,NBA,4.08,11.32,8.75,0.37,1.2200,2.6300,2.5600,
$50 NBA Daily 8/12,2020-08-12T23:32:37.546684,estk_286a090bdf27e124575ca725abf50fd3,evt_286a090bdf27e124,Alec Burks,NBA,0,0,0,0.37,1.0000,2.5200,2.5200,
$50 NBA Daily 8/12,2020-08-12T23:32:37.546688,estk_286a090bdf27e1245cdd05960889fa04,evt_286a090bdf27e124,Serge Ibaka,NBA,0,0,0,0.37,1.0000,2.5200,2.5200,
$50 NBA Daily 8/12,2020-08-12T23:32:37.546705,estk_286a090bdf27e12482db34a5ef5dff8e,evt_286a090bdf27e124,OG Anunoby,NBA,0,0,0,0.37,1.0000,2.5200,2.5200,
$50 NBA Daily 8/12,2020-08-12T23:33:38.624831,estk_286a090bdf27e1247a763361bd2f9a08,evt_286a090bdf27e124,Joel Embiid,NBA,44.3,43.72,16.25,0.38,16.9200,13.3900,18.9700,15.3300
$50 NBA Daily 8/12,2020-08-12T23:33:38.624883,estk_286a090bdf27e12463a58b55849249a4,evt_286a090bdf27e124,Al Horford,NBA,28.1,32.67,15.25,0.38,8.3600,5.8100,10.1100,6.7700
$50 NBA Daily 8/12,2020-08-12T23:33:38.624887,estk_286a090bdf27e12477c3d3d4d8ad15c5,evt_286a090bdf27e124,Tobias Harris,NBA,28.37,32.59,15,0.38,8.2300,11.1600,10.0900,6.7500
$50 NBA Daily 8/12,2020-08-12T23:33:38.624900,estk_286a090bdf27e124d846b1bc06a60007,evt_286a090bdf27e124,Marc Gasol,NBA,20.64,29.55,16.75,0.38,6.3700,5.7300,8.2200,4.8600
$50 NBA Daily 8/12,2020-08-12T23:33:38.624918,estk_286a090bdf27e124cc28fb3568e3a1d6,evt_286a090bdf27e124,Kyle Lowry,NBA,28.13,25.94,8.5,0.38,4.6200,5.6900,6.3900,3.7400
$50 NBA Daily 8/12,2020-08-12T23:33:38.624926,estk_286a090bdf27e1247c131e7cfd4ca8ad,evt_286a090bdf27e124,Pascal Siakam,NBA,31.79,24.71,5,0.38,4.0800,5.7800,5.7600,2.6200
$50 NBA Daily 8/12,2020-08-12T23:33:38.624945,estk_286a090bdf27e124b3147c681557a264,evt_286a090bdf27e124,Josh Richardson,NBA,25.07,24.04,8.5,0.38,3.7900,6.5300,5.0000,2.6200
$50 NBA Daily 8/12,2020-08-12T23:33:38.624949,estk_286a090bdf27e124cd439276c8d11f5d,evt_286a090bdf27e124,Fred VanVleet,NBA,29.37,24.46,6.25,0.38,3.5200,4.9400,4.9400,2.3000
$50 NBA Daily 8/12,2020-08-12T23:33:38.624953,estk_286a090bdf27e124a1e25447b314f889,evt_286a090bdf27e124,Shake Milton,NBA,18.45,22.69,11.25,0.38,3.4800,5.0300,5.0800,1.9400
$50 NBA Daily 8/12,2020-08-12T23:33:38.624969,estk_286a090bdf27e1248b0372db86dba9af,evt_286a090bdf27e124,Furkan Korkmaz,NBA,17.38,21.78,11,0.38,2.9800,3.4600,4.7300,1.7100
$50 NBA Daily 8/12,2020-08-12T23:33:38.624981,estk_286a090bdf27e1246de03cb5c6424ccc,evt_286a090bdf27e124,Norman Powell,NBA,19.56,19.88,7.75,0.38,2.4800,4.5900,4.0300,1.5400
$50 NBA Daily 8/12,2020-08-12T23:33:38.625010,estk_286a090bdf27e12489a4b98163393691,evt_286a090bdf27e124,Raul Neto,NBA,4.08,11.28,8.75,0.38,1.2200,2.6300,2.5600,
$50 NBA Daily 8/12,2020-08-12T23:33:38.625017,estk_286a090bdf27e124575ca725abf50fd3,evt_286a090bdf27e124,Alec Burks,NBA,0,0,0,0.38,1.0000,2.5200,2.5200,
$50 NBA Daily 8/12,2020-08-12T23:33:38.625021,estk_286a090bdf27e1245cdd05960889fa04,evt_286a090bdf27e124,Serge Ibaka,NBA,0,0,0,0.38,1.0000,2.5200,2.5200,
$50 NBA Daily 8/12,2020-08-12T23:33:38.625043,estk_286a090bdf27e12482db34a5ef5dff8e,evt_286a090bdf27e124,OG Anunoby,NBA,0,0,0,0.38,1.0000,2.5200,2.5200,
$50 NBA Daily 8/12,2020-08-12T23:34:39.693367,estk_286a090bdf27e1247a763361bd2f9a08,evt_286a090bdf27e124,Joel Embiid,NBA,44.3,43.27,16.25,0.39,16.5900,13.3900,18.4200,15.3300
$50 NBA Daily 8/12,2020-08-12T23:34:39.693390,estk_286a090bdf27e12463a58b55849249a4,evt_286a090bdf27e124,Al Horford,NBA,28.1,32.39,15.25,0.39,8.2500,5.8100,10.1100,6.7700
$50 NBA Daily 8/12,2020-08-12T23:34:39.693394,estk_286a090bdf27e12477c3d3d4d8ad15c5,evt_286a090bdf27e124,Tobias Harris,NBA,28.37,32.31,15,0.39,8.0900,11.1600,10.0900,6.7500
$50 NBA Daily 8/12,2020-08-12T23:34:39.693406,estk_286a090bdf27e124d846b1bc06a60007,evt_286a090bdf27e124,Marc Gasol,NBA,20.64,29.34,16.75,0.39,6.3100,5.7300,8.2200,4.8600
$50 NBA Daily 8/12,2020-08-12T23:34:39.693424,estk_286a090bdf27e124cc28fb3568e3a1d6,evt_286a090bdf27e124,Kyle Lowry,NBA,28.13,25.66,8.5,0.39,4.4400,5.6900,6.3900,3.1900
$50 NBA Daily 8/12,2020-08-12T23:34:39.693435,estk_286a090bdf27e1247c131e7cfd4ca8ad,evt_286a090bdf27e124,Pascal Siakam,NBA,31.79,24.39,5,0.39,3.9900,5.7800,5.7600,2.6200
$50 NBA Daily 8/12,2020-08-12T23:34:39.693450,estk_286a090bdf27e124cd439276c8d11f5d,evt_286a090bdf27e124,Fred VanVleet,NBA,29.37,24.17,6.25,0.39,3.8600,4.9400,4.9400,2.3000
$50 NBA Daily 8/12,2020-08-12T23:34:39.693454,estk_286a090bdf27e124b3147c681557a264,evt_286a090bdf27e124,Josh Richardson,NBA,25.07,23.79,8.5,0.39,3.7400,6.5300,5.0000,2.6200
$50 NBA Daily 8/12,2020-08-12T23:34:39.693466,estk_286a090bdf27e124a1e25447b314f889,evt_286a090bdf27e124,Shake Milton,NBA,18.45,22.5,11.25,0.39,3.2200,5.0300,5.0800,1.9400
$50 NBA Daily 8/12,2020-08-12T23:34:39.693474,estk_286a090bdf27e1248b0372db86dba9af,evt_286a090bdf27e124,Furkan Korkmaz,NBA,17.38,21.6,11,0.39,2.9300,3.4600,4.7300,1.7100
$50 NBA Daily 8/12,2020-08-12T23:34:39.693489,estk_286a090bdf27e1246de03cb5c6424ccc,evt_286a090bdf27e124,Norman Powell,NBA,19.56,19.68,7.75,0.39,2.4100,4.5900,4.0300,1.5400
$50 NBA Daily 8/12,2020-08-12T23:34:39.693514,estk_286a090bdf27e12489a4b98163393691,evt_286a090bdf27e124,Raul Neto,NBA,4.08,11.24,8.75,0.39,1.2100,2.6300,2.5600,
$50 NBA Daily 8/12,2020-08-12T23:34:39.693522,estk_286a090bdf27e124575ca725abf50fd3,evt_286a090bdf27e124,Alec Burks,NBA,0,0,0,0.39,1.0000,2.5200,2.5200,
$50 NBA Daily 8/12,2020-08-12T23:34:39.693526,estk_286a090bdf27e1245cdd05960889fa04,evt_286a090bdf27e124,Serge Ibaka,NBA,0,0,0,0.39,1.0000,2.5200,2.5200,
$50 NBA Daily 8/12,2020-08-12T23:34:39.693544,estk_286a090bdf27e12482db34a5ef5dff8e,evt_286a090bdf27e124,OG Anunoby,NBA,0,0,0,0.39,1.0000,2.5200,2.5200,
$50 NBA Daily 8/12,2020-08-12T23:36:42.049420,estk_286a090bdf27e1247a763361bd2f9a08,evt_286a090bdf27e124,Joel Embiid,NBA,44.3,42.39,16.25,0.41,16.4000,13.3900,18.4200,15.2900
$50 NBA Daily 8/12,2020-08-12T23:36:42.049442,estk_286a090bdf27e12477c3d3d4d8ad15c5,evt_286a090bdf27e124,Tobias Harris,NBA,28.37,33.24,16.5,0.41,8.0400,11.1600,10.0900,6.7500
$50 NBA Daily 8/12,2020-08-12T23:36:42.049446,estk_286a090bdf27e12463a58b55849249a4,evt_286a090bdf27e124,Al Horford,NBA,28.1,34.83,18.25,0.41,8.0200,5.8100,10.1100,6.7700
$50 NBA Daily 8/12,2020-08-12T23:36:42.049462,estk_286a090bdf27e124d846b1bc06a60007,evt_286a090bdf27e124,Marc Gasol,NBA,20.64,28.93,16.75,0.41,6.2300,5.7300,8.2200,4.8600
$50 NBA Daily 8/12,2020-08-12T23:36:42.049477,estk_286a090bdf27e124cc28fb3568e3a1d6,evt_286a090bdf27e124,Kyle Lowry,NBA,28.13,29.35,12.75,0.41,4.4300,5.6900,6.3900,3.1900
$50 NBA Daily 8/12,2020-08-12T23:36:42.049495,estk_286a090bdf27e1247c131e7cfd4ca8ad,evt_286a090bdf27e124,Pascal Siakam,NBA,31.79,25.76,7,0.41,3.9100,5.7800,5.7600,2.6200
$50 NBA Daily 8/12,2020-08-12T23:36:42.049503,estk_286a090bdf27e124cd439276c8d11f5d,evt_286a090bdf27e124,Fred VanVleet,NBA,29.37,25.08,7.75,0.41,3.8000,4.9400,4.9400,2.3000
$50 NBA Daily 8/12,2020-08-12T23:36:42.049507,estk_286a090bdf27e124b3147c681557a264,evt_286a090bdf27e124,Josh Richardson,NBA,25.07,24.54,9.75,0.41,3.6400,6.5300,5.0000,2.6200
$50 NBA Daily 8/12,2020-08-12T23:36:42.049519,estk_286a090bdf27e124a1e25447b314f889,evt_286a090bdf27e124,Shake Milton,NBA,18.45,22.14,11.25,0.41,3.1900,5.0300,5.0800,1.9400
$50 NBA Daily 8/12,2020-08-12T23:36:42.049526,estk_286a090bdf27e1248b0372db86dba9af,evt_286a090bdf27e124,Furkan Korkmaz,NBA,17.38,21.25,11,0.41,2.9000,3.4600,4.7300,1.7100
$50 NBA Daily 8/12,2020-08-12T23:36:42.049541,estk_286a090bdf27e1246de03cb5c6424ccc,evt_286a090bdf27e124,Norman Powell,NBA,19.56,19.29,7.75,0.41,2.3500,4.5900,4.0300,1.5400
$50 NBA Daily 8/12,2020-08-12T23:36:42.049566,estk_286a090bdf27e12489a4b98163393691,evt_286a090bdf27e124,Raul Neto,NBA,4.08,11.16,8.75,0.41,1.2100,2.6300,2.5600,
$50 NBA Daily 8/12,2020-08-12T23:36:42.049574,estk_286a090bdf27e124575ca725abf50fd3,evt_286a090bdf27e124,Alec Burks,NBA,0,0,0,0.41,1.0000,2.5200,2.5200,
$50 NBA Daily 8/12,2020-08-12T23:36:42.049578,estk_286a090bdf27e1245cdd05960889fa04,evt_286a090bdf27e124,Serge Ibaka,NBA,0,0,0,0.41,1.0000,2.5200,2.5200,
$50 NBA Daily 8/12,2020-08-12T23:36:42.049596,estk_286a090bdf27e12482db34a5ef5dff8e,evt_286a090bdf27e124,OG Anunoby,NBA,0,0,0,0.41,1.0000,2.5200,2.5200,
$50 NBA Daily 8/12,2020-08-12T23:38:44.312952,estk_286a090bdf27e1247a763361bd2f9a08,evt_286a090bdf27e124,Joel Embiid,NBA,44.3,41.5,16.25,0.43,15.4800,13.3900,17.4000,13.7800
$50 NBA Daily 8/12,2020-08-12T23:38:44.312969,estk_286a090bdf27e12463a58b55849249a4,evt_286a090bdf27e124,Al Horford,NBA,28.1,35.52,19.5,0.43,10.4100,5.8100,12.1200,
$50 NBA Daily 8/12,2020-08-12T23:38:44.312983,estk_286a090bdf27e12477c3d3d4d8ad15c5,evt_286a090bdf27e124,Tobias Harris,NBA,28.37,33.42,17.25,0.43,8.3800,11.1600,10.0900,6.7700
$50 NBA Daily 8/12,2020-08-12T23:38:44.312999,estk_286a090bdf27e124cc28fb3568e3a1d6,evt_286a090bdf27e124,Kyle Lowry,NBA,28.13,28.78,12.75,0.43,6.0200,7.6100,7.6100,4.4000
$50 NBA Daily 8/12,2020-08-12T23:38:44.313007,estk_286a090bdf27e124d846b1bc06a60007,evt_286a090bdf27e124,Marc Gasol,NBA,20.64,28.51,16.75,0.43,5.8000,7.4100,7.4100,4.8600
$50 NBA Daily 8/12,2020-08-12T23:38:44.313021,estk_286a090bdf27e1247c131e7cfd4ca8ad,evt_286a090bdf27e124,Pascal Siakam,NBA,31.79,25.87,7.75,0.43,4.2800,5.7800,5.7600,2.6900
$50 NBA Daily 8/12,2020-08-12T23:38:44.313034,estk_286a090bdf27e124cd439276c8d11f5d,evt_286a090bdf27e124,Fred VanVleet,NBA,29.37,27.49,10.75,0.43,3.9800,4.9400,5.1700,2.4300
$50 NBA Daily 8/12,2020-08-12T23:38:44.313047,estk_286a090bdf27e124b3147c681557a264,evt_286a090bdf27e124,Josh Richardson,NBA,25.07,23.54,9.25,0.43,3.7900,5.0000,5.0000,2.6200
$50 NBA Daily 8/12,2020-08-12T23:38:44.313068,estk_286a090bdf27e124a1e25447b314f889,evt_286a090bdf27e124,Shake Milton,NBA,18.45,21.77,11.25,0.43,2.9500,5.0300,4.5100,1.9400
$50 NBA Daily 8/12,2020-08-12T23:38:44.313076,estk_286a090bdf27e1248b0372db86dba9af,evt_286a090bdf27e124,Furkan Korkmaz,NBA,17.38,20.91,11,0.43,2.6600,3.4600,4.2100,1.7100
$50 NBA Daily 8/12,2020-08-12T23:38:44.313097,estk_286a090bdf27e1246de03cb5c6424ccc,evt_286a090bdf27e124,Norman Powell,NBA,19.56,18.9,7.75,0.43,2.1900,4.5900,3.7300,1.3600
$50 NBA Daily 8/12,2020-08-12T23:38:44.313117,estk_286a090bdf27e12489a4b98163393691,evt_286a090bdf27e124,Raul Neto,NBA,4.08,11.08,8.75,0.43,1.1800,2.5600,2.5600,
$50 NBA Daily 8/12,2020-08-12T23:38:44.313125,estk_286a090bdf27e124575ca725abf50fd3,evt_286a090bdf27e124,Alec Burks,NBA,0,0,0,0.43,1.0000,2.5200,2.5200,
$50 NBA Daily 8/12,2020-08-12T23:38:44.313129,estk_286a090bdf27e1245cdd05960889fa04,evt_286a090bdf27e124,Serge Ibaka,NBA,0,0,0,0.43,1.0000,2.5200,2.5200,
$50 NBA Daily 8/12,2020-08-12T23:38:44.313150,estk_286a090bdf27e12482db34a5ef5dff8e,evt_286a090bdf27e124,OG Anunoby,NBA,0,0,0,0.43,1.0000,2.5200,2.5200,
$50 NBA Daily 8/12,2020-08-12T23:44:51.377652,estk_286a090bdf27e1247a763361bd2f9a08,evt_286a090bdf27e124,Joel Embiid,NBA,44.3,41.06,16.25,0.44,14.9400,13.3900,16.7000,13.7800
$50 NBA Daily 8/12,2020-08-12T23:44:51.377666,estk_286a090bdf27e12463a58b55849249a4,evt_286a090bdf27e124,Al Horford,NBA,28.1,35.24,19.5,0.44,10.0100,5.8100,12.1200,8.3700
$50 NBA Daily 8/12,2020-08-12T23:44:51.377678,estk_286a090bdf27e12477c3d3d4d8ad15c5,evt_286a090bdf27e124,Tobias Harris,NBA,28.37,34.14,18.25,0.44,8.4900,11.1600,10.0900,6.8900
$50 NBA Daily 8/12,2020-08-12T23:44:51.377697,estk_286a090bdf27e124cc28fb3568e3a1d6,evt_286a090bdf27e124,Kyle Lowry,NBA,28.13,29.5,13.75,0.44,5.7400,7.6100,7.6100,4.4000
$50 NBA Daily 8/12,2020-08-12T23:44:51.377701,estk_286a090bdf27e124d846b1bc06a60007,evt_286a090bdf27e124,Marc Gasol,NBA,20.64,28.31,16.75,0.44,5.5600,7.4100,7.4100,3.9800
$50 NBA Daily 8/12,2020-08-12T23:44:51.377705,estk_286a090bdf27e124cd439276c8d11f5d,evt_286a090bdf27e124,Fred VanVleet,NBA,29.37,27.2,10.75,0.44,5.0500,5.1700,6.7200,3.5200
$50 NBA Daily 8/12,2020-08-12T23:44:51.377716,estk_286a090bdf27e1247c131e7cfd4ca8ad,evt_286a090bdf27e124,Pascal Siakam,NBA,31.79,25.05,7.25,0.44,4.3200,5.7800,5.7800,2.7200
$50 NBA Daily 8/12,2020-08-12T23:44:51.377738,estk_286a090bdf27e124b3147c681557a264,evt_286a090bdf27e124,Josh Richardson,NBA,25.07,23.29,9.25,0.44,3.3800,5.0000,5.0000,2.3100
$50 NBA Daily 8/12,2020-08-12T23:44:51.377753,estk_286a090bdf27e124a1e25447b314f889,evt_286a090bdf27e124,Shake Milton,NBA,18.45,21.58,11.25,0.44,2.8000,5.0300,4.5100,1.9400
$50 NBA Daily 8/12,2020-08-12T23:44:51.377765,estk_286a090bdf27e1248b0372db86dba9af,evt_286a090bdf27e124,Furkan Korkmaz,NBA,17.38,20.73,11,0.44,2.5500,4.2100,4.2100,1.7100
$50 NBA Daily 8/12,2020-08-12T23:44:51.377779,estk_286a090bdf27e1246de03cb5c6424ccc,evt_286a090bdf27e124,Norman Powell,NBA,19.56,18.7,7.75,0.44,2.0700,4.5900,3.7300,1.2400
$50 NBA Daily 8/12,2020-08-12T23:44:51.377796,estk_286a090bdf27e12489a4b98163393691,evt_286a090bdf27e124,Raul Neto,NBA,4.08,11.03,8.75,0.44,1.1700,2.5600,2.6300,
$50 NBA Daily 8/12,2020-08-12T23:44:51.377803,estk_286a090bdf27e124575ca725abf50fd3,evt_286a090bdf27e124,Alec Burks,NBA,0,0,0,0.44,1.0000,2.5200,2.5200,
$50 NBA Daily 8/12,2020-08-12T23:44:51.377807,estk_286a090bdf27e1245cdd05960889fa04,evt_286a090bdf27e124,Serge Ibaka,NBA,0,0,0,0.44,1.0000,2.5200,2.5200,
$50 NBA Daily 8/12,2020-08-12T23:44:51.377825,estk_286a090bdf27e12482db34a5ef5dff8e,evt_286a090bdf27e124,OG Anunoby,NBA,0,0,0,0.44,1.0000,2.5200,2.5200,
$50 NBA Daily 8/12,2020-08-12T23:46:53.446144,estk_286a090bdf27e1247a763361bd2f9a08,evt_286a090bdf27e124,Joel Embiid,NBA,44.3,40.62,16.25,0.45,14.5500,13.3900,16.7000,13.1300
$50 NBA Daily 8/12,2020-08-12T23:46:53.446158,estk_286a090bdf27e12463a58b55849249a4,evt_286a090bdf27e124,Al Horford,NBA,28.1,34.95,19.5,0.45,9.8200,5.8100,,8.3700
$50 NBA Daily 8/12,2020-08-12T23:46:53.446162,estk_286a090bdf27e12477c3d3d4d8ad15c5,evt_286a090bdf27e124,Tobias Harris,NBA,28.37,35.85,20.25,0.45,9.6700,11.1600,10.0900,7.9800
$50 NBA Daily 8/12,2020-08-12T23:46:53.446177,estk_286a090bdf27e124cc28fb3568e3a1d6,evt_286a090bdf27e124,Kyle Lowry,NBA,28.13,30.22,14.75,0.45,6.6200,7.6100,7.6100,4.4000
$50 NBA Daily 8/12,2020-08-12T23:46:53.446192,estk_286a090bdf27e124d846b1bc06a60007,evt_286a090bdf27e124,Marc Gasol,NBA,20.64,28.1,16.75,0.45,5.4600,7.4100,7.4100,3.9800
$50 NBA Daily 8/12,2020-08-12T23:46:53.446196,estk_286a090bdf27e124cd439276c8d11f5d,evt_286a090bdf27e124,Fred VanVleet,NBA,29.37,26.9,10.75,0.45,4.8800,5.1700,6.7200,3.5200
$50 NBA Daily 8/12,2020-08-12T23:46:53.446215,estk_286a090bdf27e1247c131e7cfd4ca8ad,evt_286a090bdf27e124,Pascal Siakam,NBA,31.79,24.73,7.25,0.45,3.9700,5.7800,5.7800,2.7200
$50 NBA Daily 8/12,2020-08-12T23:46:53.446233,estk_286a090bdf27e124b3147c681557a264,evt_286a090bdf27e124,Josh Richardson,NBA,25.07,23.04,9.25,0.45,3.2800,5.0000,5.0000,2.3100
$50 NBA Daily 8/12,2020-08-12T23:46:53.446244,estk_286a090bdf27e124a1e25447b314f889,evt_286a090bdf27e124,Shake Milton,NBA,18.45,21.4,11.25,0.45,2.7300,5.0300,4.5100,1.8900
$50 NBA Daily 8/12,2020-08-12T23:46:53.446255,estk_286a090bdf27e1248b0372db86dba9af,evt_286a090bdf27e124,Furkan Korkmaz,NBA,17.38,20.56,11,0.45,2.5000,4.2100,4.2100,1.6600
$50 NBA Daily 8/12,2020-08-12T23:46:53.446269,estk_286a090bdf27e1246de03cb5c6424ccc,evt_286a090bdf27e124,Norman Powell,NBA,19.56,18.51,7.75,0.45,2.0100,4.5900,3.7300,1.2000
$50 NBA Daily 8/12,2020-08-12T23:46:53.446287,estk_286a090bdf27e12489a4b98163393691,evt_286a090bdf27e124,Raul Neto,NBA,4.08,10.99,8.75,0.45,1.1600,2.5600,2.6300,
$50 NBA Daily 8/12,2020-08-12T23:46:53.446294,estk_286a090bdf27e124575ca725abf50fd3,evt_286a090bdf27e124,Alec Burks,NBA,0,0,0,0.45,1.0000,2.5200,2.5200,
$50 NBA Daily 8/12,2020-08-12T23:46:53.446298,estk_286a090bdf27e1245cdd05960889fa04,evt_286a090bdf27e124,Serge Ibaka,NBA,0,0,0,0.45,1.0000,2.5200,2.5200,
$50 NBA Daily 8/12,2020-08-12T23:46:53.446316,estk_286a090bdf27e12482db34a5ef5dff8e,evt_286a090bdf27e124,OG Anunoby,NBA,0,0,0,0.45,1.0000,2.5200,2.5200,
$50 NBA Daily 8/12,2020-08-12T23:47:54.629798,estk_286a090bdf27e1247a763361bd2f9a08,evt_286a090bdf27e124,Joel Embiid,NBA,44.3,40.17,16.25,0.46,14.1400,13.3900,15.9200,12.7600
$50 NBA Daily 8/12,2020-08-12T23:47:54.629814,estk_286a090bdf27e12477c3d3d4d8ad15c5,evt_286a090bdf27e124,Tobias Harris,NBA,28.37,35.57,20.25,0.46,10.2500,11.1600,11.9600,7.9800
$50 NBA Daily 8/12,2020-08-12T23:47:54.629818,estk_286a090bdf27e12463a58b55849249a4,evt_286a090bdf27e124,Al Horford,NBA,28.1,34.67,19.5,0.46,9.6200,5.8100,11.5200,8.3700
$50 NBA Daily 8/12,2020-08-12T23:47:54.629838,estk_286a090bdf27e124cc28fb3568e3a1d6,evt_286a090bdf27e124,Kyle Lowry,NBA,28.13,31.94,16.75,0.46,6.5000,7.6100,8.2500,4.4000
$50 NBA Daily 8/12,2020-08-12T23:47:54.629849,estk_286a090bdf27e124d846b1bc06a60007,evt_286a090bdf27e124,Marc Gasol,NBA,20.64,27.9,16.75,0.46,5.3600,7.4100,7.4100,3.9800
