name,time,id,event_id,stock_name,sector,fantasy_points_projected,fantasy_points_projected_live,fantasy_points_scored,amount_completed,estimated_price,last_price,ask_price,bid_price
$50 NBA Daily 8/18,2020-08-18T14:00:30.831546,estk_b64dd47a8492df911452baccd9371298,evt_b64dd47a8492df91,LeBron James,NBA,53.8,,,,,,,
$50 NBA Daily 8/18,2020-08-18T14:00:30.831574,estk_b64dd47a8492df91998cf3066566c393,evt_b64dd47a8492df91,James Harden,NBA,53.04,,,,,,,
$50 NBA Daily 8/18,2020-08-18T14:00:30.831579,estk_b64dd47a8492df919af7d442f918404f,evt_b64dd47a8492df91,Anthony Davis,NBA,48.17,,,,,,,
$50 NBA Daily 8/18,2020-08-18T14:00:30.831583,estk_b64dd47a8492df9101113a8407ed38e2,evt_b64dd47a8492df91,Damian Lillard,NBA,45.26,,,,,,,
$50 NBA Daily 8/18,2020-08-18T14:00:30.831587,estk_b64dd47a8492df911a3043d6384c59cc,evt_b64dd47a8492df91,Jusuf Nurkic,NBA,43.39,,,,,,,
$50 NBA Daily 8/18,2020-08-18T14:00:30.831591,estk_b64dd47a8492df9186ea8af848cca3f6,evt_b64dd47a8492df91,Chris Paul,NBA,40.85,,,,,,,
$50 NBA Daily 8/18,2020-08-18T14:00:30.831595,estk_b64dd47a8492df914d546eba965e40a0,evt_b64dd47a8492df91,Steven Adams,NBA,33.86,,,,,,,
$50 NBA Daily 8/18,2020-08-18T14:00:30.831599,estk_b64dd47a8492df9133aee19dae855240,evt_b64dd47a8492df91,Shai Gilgeous-Alexander,NBA,31.57,,,,,,,
$50 NBA Daily 8/18,2020-08-18T14:00:30.831603,estk_b64dd47a8492df914641ef307a4855e5,evt_b64dd47a8492df91,CJ McCollum,NBA,31.1,,,,,,,
$50 NBA Daily 8/18,2020-08-18T14:00:30.831607,estk_b64dd47a8492df916e1b2c66fb087a89,evt_b64dd47a8492df91,Danilo Gallinari,NBA,28.03,,,,,,,
$50 NBA Daily 8/18,2020-08-18T14:00:30.831611,estk_b64dd47a8492df912e7d4bf632563918,evt_b64dd47a8492df91,Robert Covington,NBA,25.75,,,,,,,
$50 NBA Daily 8/18,2020-08-18T14:00:30.831615,estk_b64dd47a8492df91ce8e428feaa184fb,evt_b64dd47a8492df91,Dennis Schroder,NBA,25.46,,,,,,,
$50 NBA Daily 8/18,2020-08-18T14:00:30.831618,estk_b64dd47a8492df916a7e9a693923060b,evt_b64dd47a8492df91,Carmelo Anthony,NBA,24.52,,,,,,,
$50 NBA Daily 8/18,2020-08-18T14:00:30.831622,estk_b64dd47a8492df9131303064abb30322,evt_b64dd47a8492df91,Hassan Whiteside,NBA,24.14,,,,,,,
$50 NBA Daily 8/18,2020-08-18T14:00:30.831625,estk_b64dd47a8492df910b04a4c808a880c2,evt_b64dd47a8492df91,Gary Trent,NBA,20.47,,,,,,,
$50 NBA Daily 8/18,2020-08-18T14:00:30.831629,estk_b64dd47a8492df91ebfb1a44ae619e2e,evt_b64dd47a8492df91,Kyle Kuzma,NBA,20.3,,,,,,,
$50 NBA Daily 8/18,2020-08-18T14:00:30.831633,estk_b64dd47a8492df91f2b631af853210c3,evt_b64dd47a8492df91,Kentavious Caldwell-Pope,NBA,19.74,,,,,,,
$50 NBA Daily 8/18,2020-08-18T14:00:30.831636,estk_b64dd47a8492df91bb2265938b36951f,evt_b64dd47a8492df91,P.J. Tucker,NBA,19.39,,,,,,,
$50 NBA Daily 8/18,2020-08-18T14:00:30.831640,estk_b64dd47a8492df91c7f79998d02ebada,evt_b64dd47a8492df91,Danny Green,NBA,18.61,,,,,,,
$50 NBA Daily 8/18,2020-08-18T14:00:30.831644,estk_b64dd47a8492df917e274b6cb95b0d20,evt_b64dd47a8492df91,Danuel House,NBA,18.5,,,,,,,
$50 NBA Daily 8/18,2020-08-18T14:00:30.831647,estk_b64dd47a8492df91c3a200d16d9a3fa2,evt_b64dd47a8492df91,JaVale McGee,NBA,18.4,,,,,,,
$50 NBA Daily 8/18,2020-08-18T14:00:30.831651,estk_b64dd47a8492df910b5bea604e9b515d,evt_b64dd47a8492df91,Nerlens Noel,NBA,18.33,,,,,,,
$50 NBA Daily 8/18,2020-08-18T14:00:30.831657,estk_b64dd47a8492df919e314ab9e97d6d4e,evt_b64dd47a8492df91,Eric Gordon,NBA,17.04,,,,,,,
$50 NBA Daily 8/18,2020-08-18T14:00:30.831661,estk_b64dd47a8492df91d086e77c2f7fd9b3,evt_b64dd47a8492df91,Hamidou Diallo,NBA,16.34,,,,,,,
$50 NBA Daily 8/18,2020-08-18T14:00:30.831665,estk_b64dd47a8492df91cc5df41068f20fef,evt_b64dd47a8492df91,Alex Caruso,NBA,16.12,,,,,,,
$50 NBA Daily 8/18,2020-08-18T14:00:30.831669,estk_b64dd47a8492df91835e4cb9b4f65e3b,evt_b64dd47a8492df91,Jeff Green,NBA,15.46,,,,,,,
$50 NBA Daily 8/18,2020-08-18T14:00:30.831673,estk_b64dd47a8492df91d5d16483f5148c0b,evt_b64dd47a8492df91,Darius Bazley,NBA,15.11,,,,,,,
$50 NBA Daily 8/18,2020-08-18T14:00:30.831677,estk_b64dd47a8492df91a8ff2d0160121c76,evt_b64dd47a8492df91,Dwight Howard,NBA,14.35,,,,,,,
$50 NBA Daily 8/18,2020-08-18T14:00:30.831680,estk_b64dd47a8492df9181cf003a81460da1,evt_b64dd47a8492df91,Markieff Morris,NBA,11.53,,,,,,,
$50 NBA Daily 8/18,2020-08-18T14:00:30.831684,estk_b64dd47a8492df9119f5682bdf2d2680,evt_b64dd47a8492df91,DeMarre Carroll,NBA,10.13,,,,,,,
$50 NBA Daily 8/18,2020-08-18T14:00:30.831687,estk_b64dd47a8492df91509298b2fe7937b1,evt_b64dd47a8492df91,Dion Waiters,NBA,9.83,,,,,,,
$50 NBA Daily 8/18,2020-08-18T14:00:30.831690,estk_b64dd47a8492df918030cd645d385adc,evt_b64dd47a8492df91,Wenyen Gabriel,NBA,9.36,,,,,,,
$50 NBA Daily 8/18,2020-08-18T14:04:38.362840,estk_b64dd47a8492df911452baccd9371298,evt_b64dd47a8492df91,LeBron James,NBA,53.8,,,,12.4500,1.0900,,
$50 NBA Daily 8/18,2020-08-18T14:04:38.362872,estk_b64dd47a8492df91998cf3066566c393,evt_b64dd47a8492df91,James Harden,NBA,53.04,,,,12.3200,1.0700,,
$50 NBA Daily 8/18,2020-08-18T14:04:38.362877,estk_b64dd47a8492df919af7d442f918404f,evt_b64dd47a8492df91,Anthony Davis,NBA,48.17,,,,10.7100,1.0500,,
$50 NBA Daily 8/18,2020-08-18T14:04:38.362881,estk_b64dd47a8492df9101113a8407ed38e2,evt_b64dd47a8492df91,Damian Lillard,NBA,45.26,,,,9.8100,1.0700,,
$50 NBA Daily 8/18,2020-08-18T14:04:38.362888,estk_b64dd47a8492df911a3043d6384c59cc,evt_b64dd47a8492df91,Jusuf Nurkic,NBA,43.39,,,,9.3200,1.0600,,
$50 NBA Daily 8/18,2020-08-18T14:04:38.362892,estk_b64dd47a8492df9186ea8af848cca3f6,evt_b64dd47a8492df91,Chris Paul,NBA,40.85,,,,8.6400,1.0400,,
$50 NBA Daily 8/18,2020-08-18T14:04:38.362896,estk_b64dd47a8492df914d546eba965e40a0,evt_b64dd47a8492df91,Steven Adams,NBA,33.86,,,,6.8100,1.0400,,
$50 NBA Daily 8/18,2020-08-18T14:04:38.362899,estk_b64dd47a8492df9133aee19dae855240,evt_b64dd47a8492df91,Shai Gilgeous-Alexander,NBA,31.57,,,,6.2700,1.0400,,
$50 NBA Daily 8/18,2020-08-18T14:04:38.362902,estk_b64dd47a8492df914641ef307a4855e5,evt_b64dd47a8492df91,CJ McCollum,NBA,31.1,,,,6.2400,1.0300,,
$50 NBA Daily 8/18,2020-08-18T14:04:38.362906,estk_b64dd47a8492df916e1b2c66fb087a89,evt_b64dd47a8492df91,Danilo Gallinari,NBA,28.03,,,,5.6400,1.0200,,
$50 NBA Daily 8/18,2020-08-18T14:04:38.362909,estk_b64dd47a8492df912e7d4bf632563918,evt_b64dd47a8492df91,Robert Covington,NBA,25.75,,,,5.0500,1.0300,,
$50 NBA Daily 8/18,2020-08-18T14:04:38.362913,estk_b64dd47a8492df91ce8e428feaa184fb,evt_b64dd47a8492df91,Dennis Schroder,NBA,25.46,,,,5.0400,1.0300,,
$50 NBA Daily 8/18,2020-08-18T14:04:38.362917,estk_b64dd47a8492df916a7e9a693923060b,evt_b64dd47a8492df91,Carmelo Anthony,NBA,24.52,,,,4.8700,1.0300,,
$50 NBA Daily 8/18,2020-08-18T14:04:38.362920,estk_b64dd47a8492df9131303064abb30322,evt_b64dd47a8492df91,Hassan Whiteside,NBA,24.14,,,,4.7800,1.0300,,
$50 NBA Daily 8/18,2020-08-18T14:04:38.362923,estk_b64dd47a8492df910b04a4c808a880c2,evt_b64dd47a8492df91,Gary Trent,NBA,20.47,,,,4.2100,1.0200,,
$50 NBA Daily 8/18,2020-08-18T14:04:38.362927,estk_b64dd47a8492df91ebfb1a44ae619e2e,evt_b64dd47a8492df91,Kyle Kuzma,NBA,20.3,,,,4.1100,1.0200,,
$50 NBA Daily 8/18,2020-08-18T14:04:38.362930,estk_b64dd47a8492df91f2b631af853210c3,evt_b64dd47a8492df91,Kentavious Caldwell-Pope,NBA,19.74,,,,4.1000,1.0200,,
$50 NBA Daily 8/18,2020-08-18T14:04:38.362934,estk_b64dd47a8492df91bb2265938b36951f,evt_b64dd47a8492df91,P.J. Tucker,NBA,19.39,,,,3.9600,1.0200,,
$50 NBA Daily 8/18,2020-08-18T14:04:38.362937,estk_b64dd47a8492df917e274b6cb95b0d20,evt_b64dd47a8492df91,Danuel House,NBA,18.5,,,,3.8900,1.0200,,
$50 NBA Daily 8/18,2020-08-18T14:04:38.362940,estk_b64dd47a8492df91c7f79998d02ebada,evt_b64dd47a8492df91,Danny Green,NBA,18.61,,,,3.8800,1.0100,,
$50 NBA Daily 8/18,2020-08-18T14:04:38.362944,estk_b64dd47a8492df91c3a200d16d9a3fa2,evt_b64dd47a8492df91,JaVale McGee,NBA,18.4,,,,3.8100,1.0200,,
$50 NBA Daily 8/18,2020-08-18T14:04:38.362947,estk_b64dd47a8492df910b5bea604e9b515d,evt_b64dd47a8492df91,Nerlens Noel,NBA,18.33,,,,3.8100,1.0200,,
$50 NBA Daily 8/18,2020-08-18T14:04:38.362953,estk_b64dd47a8492df919e314ab9e97d6d4e,evt_b64dd47a8492df91,Eric Gordon,NBA,17.04,,,,3.6300,1.0200,,
$50 NBA Daily 8/18,2020-08-18T14:04:38.362956,estk_b64dd47a8492df91cc5df41068f20fef,evt_b64dd47a8492df91,Alex Caruso,NBA,16.12,,,,3.5500,1.0200,,
$50 NBA Daily 8/18,2020-08-18T14:04:38.362960,estk_b64dd47a8492df91d086e77c2f7fd9b3,evt_b64dd47a8492df91,Hamidou Diallo,NBA,16.34,,,,3.5200,1.0200,,
$50 NBA Daily 8/18,2020-08-18T14:04:38.362963,estk_b64dd47a8492df91d5d16483f5148c0b,evt_b64dd47a8492df91,Darius Bazley,NBA,15.11,,,,3.3800,1.0100,,
$50 NBA Daily 8/18,2020-08-18T14:04:38.362967,estk_b64dd47a8492df91835e4cb9b4f65e3b,evt_b64dd47a8492df91,Jeff Green,NBA,15.46,,,,3.3700,1.0200,,
$50 NBA Daily 8/18,2020-08-18T14:04:38.362970,estk_b64dd47a8492df91a8ff2d0160121c76,evt_b64dd47a8492df91,Dwight Howard,NBA,14.35,,,,3.2200,1.0100,,
$50 NBA Daily 8/18,2020-08-18T14:04:38.362974,estk_b64dd47a8492df9181cf003a81460da1,evt_b64dd47a8492df91,Markieff Morris,NBA,11.53,,,,2.9500,1.0100,,
$50 NBA Daily 8/18,2020-08-18T14:04:38.362980,estk_b64dd47a8492df9119f5682bdf2d2680,evt_b64dd47a8492df91,DeMarre Carroll,NBA,10.13,,,,2.7800,1.0100,,
$50 NBA Daily 8/18,2020-08-18T14:04:38.362983,estk_b64dd47a8492df91509298b2fe7937b1,evt_b64dd47a8492df91,Dion Waiters,NBA,9.83,,,,2.7100,1.0100,,
$50 NBA Daily 8/18,2020-08-18T14:04:38.362987,estk_b64dd47a8492df918030cd645d385adc,evt_b64dd47a8492df91,Wenyen Gabriel,NBA,9.36,,,,2.7000,1.0100,,
$50 NBA Daily 8/18,2020-08-18T22:00:18.232107,estk_b64dd47a8492df911452baccd9371298,evt_b64dd47a8492df91,LeBron James,NBA,53.8,53.8,0,0,14.2300,9.7600,16.0100,
$50 NBA Daily 8/18,2020-08-18T22:00:18.232136,estk_b64dd47a8492df91998cf3066566c393,evt_b64dd47a8492df91,James Harden,NBA,53.04,53.04,0,0,13.7300,9.6700,15.5000,
$50 NBA Daily 8/18,2020-08-18T22:00:18.232141,estk_b64dd47a8492df919af7d442f918404f,evt_b64dd47a8492df91,Anthony Davis,NBA,48.17,48.17,0,0,11.9100,9.4600,13.6500,
$50 NBA Daily 8/18,2020-08-18T22:00:18.232145,estk_b64dd47a8492df9101113a8407ed38e2,evt_b64dd47a8492df91,Damian Lillard,NBA,45.26,45.26,0,0,10.7700,9.2800,12.4900,
$50 NBA Daily 8/18,2020-08-18T22:00:18.232149,estk_b64dd47a8492df911a3043d6384c59cc,evt_b64dd47a8492df91,Jusuf Nurkic,NBA,43.39,43.39,0,0,10.2300,8.8900,11.9300,
$50 NBA Daily 8/18,2020-08-18T22:00:18.232153,estk_b64dd47a8492df9186ea8af848cca3f6,evt_b64dd47a8492df91,Chris Paul,NBA,40.85,40.85,0,0,9.2900,8.5500,10.9800,
$50 NBA Daily 8/18,2020-08-18T22:00:18.232157,estk_b64dd47a8492df914d546eba965e40a0,evt_b64dd47a8492df91,Steven Adams,NBA,33.86,33.86,0,0,7.0300,6.7700,8.6700,
$50 NBA Daily 8/18,2020-08-18T22:00:18.232161,estk_b64dd47a8492df9133aee19dae855240,evt_b64dd47a8492df91,Shai Gilgeous-Alexander,NBA,31.57,31.57,0,0,6.3400,6.1200,7.9700,
$50 NBA Daily 8/18,2020-08-18T22:00:18.232165,estk_b64dd47a8492df914641ef307a4855e5,evt_b64dd47a8492df91,CJ McCollum,NBA,31.1,31.1,0,0,6.2000,6.0000,7.8200,
$50 NBA Daily 8/18,2020-08-18T22:00:18.232169,estk_b64dd47a8492df916e1b2c66fb087a89,evt_b64dd47a8492df91,Danilo Gallinari,NBA,28.03,28.03,0,0,5.5500,5.2700,7.1600,
$50 NBA Daily 8/18,2020-08-18T22:00:18.232173,estk_b64dd47a8492df912e7d4bf632563918,evt_b64dd47a8492df91,Robert Covington,NBA,25.75,25.75,0,0,5.0500,4.7400,6.6500,
$50 NBA Daily 8/18,2020-08-18T22:00:18.232177,estk_b64dd47a8492df91ce8e428feaa184fb,evt_b64dd47a8492df91,Dennis Schroder,NBA,25.46,25.46,0,0,4.9300,4.6900,6.5300,
$50 NBA Daily 8/18,2020-08-18T22:00:18.232181,estk_b64dd47a8492df916a7e9a693923060b,evt_b64dd47a8492df91,Carmelo Anthony,NBA,24.52,24.52,0,0,4.6600,4.4900,6.2500,
$50 NBA Daily 8/18,2020-08-18T22:00:18.232184,estk_b64dd47a8492df9131303064abb30322,evt_b64dd47a8492df91,Hassan Whiteside,NBA,24.14,24.14,0,0,4.6000,4.4300,6.1900,
$50 NBA Daily 8/18,2020-08-18T22:00:18.232188,estk_b64dd47a8492df910b04a4c808a880c2,evt_b64dd47a8492df91,Gary Trent,NBA,20.47,20.47,0,0,3.8900,3.7200,5.4700,
$50 NBA Daily 8/18,2020-08-18T22:00:18.232192,estk_b64dd47a8492df91ebfb1a44ae619e2e,evt_b64dd47a8492df91,Kyle Kuzma,NBA,20.3,20.3,0,0,3.8800,3.6800,5.4600,
$50 NBA Daily 8/18,2020-08-18T22:00:18.232196,estk_b64dd47a8492df91f2b631af853210c3,evt_b64dd47a8492df91,Kentavious Caldwell-Pope,NBA,19.74,19.74,0,0,3.7100,3.5900,5.2800,
$50 NBA Daily 8/18,2020-08-18T22:00:18.232200,estk_b64dd47a8492df91bb2265938b36951f,evt_b64dd47a8492df91,P.J. Tucker,NBA,19.39,19.39,0,0,3.6800,3.5300,5.2500,
$50 NBA Daily 8/18,2020-08-18T22:00:18.232204,estk_b64dd47a8492df917e274b6cb95b0d20,evt_b64dd47a8492df91,Danuel House,NBA,18.5,18.5,0,0,3.5400,3.3800,5.1100,
$50 NBA Daily 8/18,2020-08-18T22:00:18.232208,estk_b64dd47a8492df91c7f79998d02ebada,evt_b64dd47a8492df91,Danny Green,NBA,18.61,18.61,0,0,3.5100,3.4400,5.0800,
$50 NBA Daily 8/18,2020-08-18T22:00:18.232212,estk_b64dd47a8492df91c3a200d16d9a3fa2,evt_b64dd47a8492df91,JaVale McGee,NBA,18.4,18.4,0,0,3.5000,3.3900,5.0700,
$50 NBA Daily 8/18,2020-08-18T22:00:18.232215,estk_b64dd47a8492df910b5bea604e9b515d,evt_b64dd47a8492df91,Nerlens Noel,NBA,18.33,18.33,0,0,3.4600,3.3600,5.0300,
$50 NBA Daily 8/18,2020-08-18T22:00:18.232219,estk_b64dd47a8492df919e314ab9e97d6d4e,evt_b64dd47a8492df91,Eric Gordon,NBA,17.04,17.04,0,0,3.2800,3.1900,4.8500,
$50 NBA Daily 8/18,2020-08-18T22:00:18.232222,estk_b64dd47a8492df91d086e77c2f7fd9b3,evt_b64dd47a8492df91,Hamidou Diallo,NBA,16.34,16.34,0,0,3.1600,3.0700,4.7200,
$50 NBA Daily 8/18,2020-08-18T22:00:18.232226,estk_b64dd47a8492df91cc5df41068f20fef,evt_b64dd47a8492df91,Alex Caruso,NBA,16.12,16.12,0,0,3.1000,3.0300,4.6600,
$50 NBA Daily 8/18,2020-08-18T22:00:18.232230,estk_b64dd47a8492df91835e4cb9b4f65e3b,evt_b64dd47a8492df91,Jeff Green,NBA,15.46,15.46,0,0,3.0000,2.9300,4.5600,
$50 NBA Daily 8/18,2020-08-18T22:00:18.232233,estk_b64dd47a8492df91d5d16483f5148c0b,evt_b64dd47a8492df91,Darius Bazley,NBA,15.11,15.11,0,0,2.9600,2.9000,4.5200,
$50 NBA Daily 8/18,2020-08-18T22:00:18.232237,estk_b64dd47a8492df91a8ff2d0160121c76,evt_b64dd47a8492df91,Dwight Howard,NBA,14.35,14.35,0,0,2.8600,2.8100,4.4200,
$50 NBA Daily 8/18,2020-08-18T22:00:18.232241,estk_b64dd47a8492df9181cf003a81460da1,evt_b64dd47a8492df91,Markieff Morris,NBA,11.53,11.53,0,0,2.5500,2.4700,4.1000,
$50 NBA Daily 8/18,2020-08-18T22:00:18.232245,estk_b64dd47a8492df9119f5682bdf2d2680,evt_b64dd47a8492df91,DeMarre Carroll,NBA,10.13,10.13,0,0,2.3600,2.3200,3.9100,
$50 NBA Daily 8/18,2020-08-18T22:00:18.232249,estk_b64dd47a8492df91509298b2fe7937b1,evt_b64dd47a8492df91,Dion Waiters,NBA,9.83,9.83,0,0,2.3200,2.2500,3.8700,
$50 NBA Daily 8/18,2020-08-18T22:00:18.232252,estk_b64dd47a8492df918030cd645d385adc,evt_b64dd47a8492df91,Wenyen Gabriel,NBA,9.36,9.36,0,0,2.2500,2.2200,3.8000,
$50 NBA Daily 8/18,2020-08-18T22:41:48.156177,estk_b64dd47a8492df91998cf3066566c393,evt_b64dd47a8492df91,James Harden,NBA,53.04,52.51,0,0.01,13.6300,9.6700,15.5000,12.2900
$50 NBA Daily 8/18,2020-08-18T22:41:48.156195,estk_b64dd47a8492df9186ea8af848cca3f6,evt_b64dd47a8492df91,Chris Paul,NBA,40.85,40.44,0,0.01,9.1800,8.5500,10.9800,10.4800
$50 NBA Daily 8/18,2020-08-18T22:41:48.156198,estk_b64dd47a8492df914d546eba965e40a0,evt_b64dd47a8492df91,Steven Adams,NBA,33.86,33.52,0,0.01,6.9400,6.7700,8.6700,8.1700
$50 NBA Daily 8/18,2020-08-18T22:41:48.156206,estk_b64dd47a8492df9133aee19dae855240,evt_b64dd47a8492df91,Shai Gilgeous-Alexander,NBA,31.57,30.75,-0.5,0.01,6.2200,6.1200,7.9700,7.4700
$50 NBA Daily 8/18,2020-08-18T22:41:48.156210,estk_b64dd47a8492df916e1b2c66fb087a89,evt_b64dd47a8492df91,Danilo Gallinari,NBA,28.03,27.75,0,0.01,5.4400,5.2700,7.1600,6.6600
$50 NBA Daily 8/18,2020-08-18T22:41:48.156214,estk_b64dd47a8492df912e7d4bf632563918,evt_b64dd47a8492df91,Robert Covington,NBA,25.75,25.49,0,0.01,4.9200,4.7400,6.6500,6.1500
$50 NBA Daily 8/18,2020-08-18T22:41:48.156218,estk_b64dd47a8492df91ce8e428feaa184fb,evt_b64dd47a8492df91,Dennis Schroder,NBA,25.46,25.21,0,0.01,4.8600,4.6900,6.5300,6.0300
$50 NBA Daily 8/18,2020-08-18T22:41:48.156230,estk_b64dd47a8492df91bb2265938b36951f,evt_b64dd47a8492df91,P.J. Tucker,NBA,19.39,20.45,1.25,0.01,3.9000,3.5300,5.2500,4.7500
$50 NBA Daily 8/18,2020-08-18T22:41:48.156251,estk_b64dd47a8492df917e274b6cb95b0d20,evt_b64dd47a8492df91,Danuel House,NBA,18.5,18.32,0,0.01,3.4800,3.3800,5.1100,4.6100
$50 NBA Daily 8/18,2020-08-18T22:41:48.156255,estk_b64dd47a8492df910b5bea604e9b515d,evt_b64dd47a8492df91,Nerlens Noel,NBA,18.33,18.15,0,0.01,3.4600,3.3600,5.0300,4.5300
$50 NBA Daily 8/18,2020-08-18T22:41:48.156258,estk_b64dd47a8492df919e314ab9e97d6d4e,evt_b64dd47a8492df91,Eric Gordon,NBA,17.04,16.87,0,0.01,3.2600,3.1900,4.8500,4.3500
$50 NBA Daily 8/18,2020-08-18T22:41:48.156266,estk_b64dd47a8492df91d086e77c2f7fd9b3,evt_b64dd47a8492df91,Hamidou Diallo,NBA,16.34,16.18,0,0.01,3.1300,3.0700,4.7200,4.2200
$50 NBA Daily 8/18,2020-08-18T22:41:48.156270,estk_b64dd47a8492df91835e4cb9b4f65e3b,evt_b64dd47a8492df91,Jeff Green,NBA,15.46,15.31,0,0.01,3.0100,2.9300,4.5600,4.0600
$50 NBA Daily 8/18,2020-08-18T22:41:48.156274,estk_b64dd47a8492df91d5d16483f5148c0b,evt_b64dd47a8492df91,Darius Bazley,NBA,15.11,14.96,0,0.01,2.9500,2.9000,4.5200,4.0200
$50 NBA Daily 8/18,2020-08-18T22:41:48.156287,estk_b64dd47a8492df9119f5682bdf2d2680,evt_b64dd47a8492df91,DeMarre Carroll,NBA,10.13,10.03,0,0.01,2.3400,2.3200,3.9100,3.4100
$50 NBA Daily 8/18,2020-08-18T22:47:52.232057,estk_b64dd47a8492df91998cf3066566c393,evt_b64dd47a8492df91,James Harden,NBA,53.04,50.8,2,0.08,13.4900,9.6700,15.5000,12.2900
$50 NBA Daily 8/18,2020-08-18T22:47:52.232075,estk_b64dd47a8492df9186ea8af848cca3f6,evt_b64dd47a8492df91,Chris Paul,NBA,40.85,40.08,2.5,0.08,9.2100,8.5500,10.9800,7.6600
$50 NBA Daily 8/18,2020-08-18T22:47:52.232078,estk_b64dd47a8492df914d546eba965e40a0,evt_b64dd47a8492df91,Steven Adams,NBA,33.86,35.15,4,0.08,6.9200,6.7700,8.6700,5.3700
$50 NBA Daily 8/18,2020-08-18T22:47:52.232086,estk_b64dd47a8492df9133aee19dae855240,evt_b64dd47a8492df91,Shai Gilgeous-Alexander,NBA,31.57,28.04,-1,0.08,6.2500,6.1200,7.9700,4.7100
$50 NBA Daily 8/18,2020-08-18T22:47:52.232090,estk_b64dd47a8492df916e1b2c66fb087a89,evt_b64dd47a8492df91,Danilo Gallinari,NBA,28.03,27.79,2,0.08,5.9500,5.2700,7.1600,4.3500
$50 NBA Daily 8/18,2020-08-18T22:47:52.232094,estk_b64dd47a8492df91ce8e428feaa184fb,evt_b64dd47a8492df91,Dennis Schroder,NBA,25.46,23.42,0,0.08,4.9500,4.6900,6.5300,3.3200
$50 NBA Daily 8/18,2020-08-18T22:47:52.232098,estk_b64dd47a8492df912e7d4bf632563918,evt_b64dd47a8492df91,Robert Covington,NBA,25.75,26.94,3.25,0.08,4.8800,4.7400,6.6500,3.3200
$50 NBA Daily 8/18,2020-08-18T22:47:52.232116,estk_b64dd47a8492df91bb2265938b36951f,evt_b64dd47a8492df91,P.J. Tucker,NBA,19.39,25.09,7.25,0.08,3.8300,3.5300,5.2500,2.3200
$50 NBA Daily 8/18,2020-08-18T22:47:52.232130,estk_b64dd47a8492df917e274b6cb95b0d20,evt_b64dd47a8492df91,Danuel House,NBA,18.5,19.27,2.25,0.08,3.4400,3.3800,5.1100,1.9200
$50 NBA Daily 8/18,2020-08-18T22:47:52.232134,estk_b64dd47a8492df910b5bea604e9b515d,evt_b64dd47a8492df91,Nerlens Noel,NBA,18.33,16.86,0,0.08,3.4000,3.3600,5.0300,2.3100
$50 NBA Daily 8/18,2020-08-18T22:47:52.232138,estk_b64dd47a8492df919e314ab9e97d6d4e,evt_b64dd47a8492df91,Eric Gordon,NBA,17.04,15.93,0.25,0.08,3.2700,3.1900,4.8500,2.0900
$50 NBA Daily 8/18,2020-08-18T22:47:52.232146,estk_b64dd47a8492df91d086e77c2f7fd9b3,evt_b64dd47a8492df91,Hamidou Diallo,NBA,16.34,15.03,0,0.08,3.1300,3.0700,4.7200,1.5700
$50 NBA Daily 8/18,2020-08-18T22:47:52.232149,estk_b64dd47a8492df91835e4cb9b4f65e3b,evt_b64dd47a8492df91,Jeff Green,NBA,15.46,14.22,0,0.08,3.0400,2.9300,4.5600,1.4600
$50 NBA Daily 8/18,2020-08-18T22:47:52.232153,estk_b64dd47a8492df91d5d16483f5148c0b,evt_b64dd47a8492df91,Darius Bazley,NBA,15.11,13.9,0,0.08,2.9100,2.9000,4.5200,2.0900
$50 NBA Daily 8/18,2020-08-18T22:47:52.232164,estk_b64dd47a8492df9119f5682bdf2d2680,evt_b64dd47a8492df91,DeMarre Carroll,NBA,10.13,9.32,0,0.08,2.3400,2.3200,3.9100,1.3600
$50 NBA Daily 8/18,2020-08-18T22:48:52.920151,estk_b64dd47a8492df91998cf3066566c393,evt_b64dd47a8492df91,James Harden,NBA,53.04,49.24,1.5,0.1,13.2900,9.6700,15.5000,12.2900
$50 NBA Daily 8/18,2020-08-18T22:48:52.920169,estk_b64dd47a8492df9186ea8af848cca3f6,evt_b64dd47a8492df91,Chris Paul,NBA,40.85,40.02,3.25,0.1,9.0200,8.5500,10.9800,7.6600
$50 NBA Daily 8/18,2020-08-18T22:48:52.920172,estk_b64dd47a8492df914d546eba965e40a0,evt_b64dd47a8492df91,Steven Adams,NBA,33.86,36.47,6,0.1,7.4500,6.7700,8.6700,5.8000
$50 NBA Daily 8/18,2020-08-18T22:48:52.920180,estk_b64dd47a8492df9133aee19dae855240,evt_b64dd47a8492df91,Shai Gilgeous-Alexander,NBA,31.57,28.66,0.25,0.1,5.4500,6.1200,7.0600,4.5400
$50 NBA Daily 8/18,2020-08-18T22:48:52.920184,estk_b64dd47a8492df916e1b2c66fb087a89,evt_b64dd47a8492df91,Danilo Gallinari,NBA,28.03,30.73,5.5,0.1,5.4200,5.2700,7.1600,4.3500
$50 NBA Daily 8/18,2020-08-18T22:48:52.920188,estk_b64dd47a8492df912e7d4bf632563918,evt_b64dd47a8492df91,Robert Covington,NBA,25.75,25.93,2.75,0.1,5.1400,4.7400,6.6500,3.5400
$50 NBA Daily 8/18,2020-08-18T22:48:52.920195,estk_b64dd47a8492df91bb2265938b36951f,evt_b64dd47a8492df91,P.J. Tucker,NBA,19.39,25.95,8.5,0.1,4.8300,3.5300,,3.2300
$50 NBA Daily 8/18,2020-08-18T22:48:52.920203,estk_b64dd47a8492df91ce8e428feaa184fb,evt_b64dd47a8492df91,Dennis Schroder,NBA,25.46,22.91,0,0.1,4.3700,4.6900,,3.3200
$50 NBA Daily 8/18,2020-08-18T22:48:52.920224,estk_b64dd47a8492df917e274b6cb95b0d20,evt_b64dd47a8492df91,Danuel House,NBA,18.5,18.4,1.75,0.1,3.5100,3.3800,5.1100,1.9400
$50 NBA Daily 8/18,2020-08-18T22:48:52.920232,estk_b64dd47a8492df910b5bea604e9b515d,evt_b64dd47a8492df91,Nerlens Noel,NBA,18.33,16.5,0,0.1,3.1600,3.3600,5.0300,2.3100
$50 NBA Daily 8/18,2020-08-18T22:48:52.920236,estk_b64dd47a8492df919e314ab9e97d6d4e,evt_b64dd47a8492df91,Eric Gordon,NBA,17.04,15.59,0.25,0.1,3.0400,3.1900,4.8500,2.0900
$50 NBA Daily 8/18,2020-08-18T22:48:52.920243,estk_b64dd47a8492df91d086e77c2f7fd9b3,evt_b64dd47a8492df91,Hamidou Diallo,NBA,16.34,14.71,0,0.1,2.8700,3.0700,4.7200,1.5700
$50 NBA Daily 8/18,2020-08-18T22:48:52.920247,estk_b64dd47a8492df91835e4cb9b4f65e3b,evt_b64dd47a8492df91,Jeff Green,NBA,15.46,13.91,0,0.1,2.7300,2.9300,4.5600,1.4600
$50 NBA Daily 8/18,2020-08-18T22:48:52.920251,estk_b64dd47a8492df91d5d16483f5148c0b,evt_b64dd47a8492df91,Darius Bazley,NBA,15.11,13.6,0,0.1,2.7200,2.9000,4.5200,1.8400
$50 NBA Daily 8/18,2020-08-18T22:48:52.920265,estk_b64dd47a8492df9119f5682bdf2d2680,evt_b64dd47a8492df91,DeMarre Carroll,NBA,10.13,9.12,0,0.1,2.1700,2.3200,3.9100,1.3600
$50 NBA Daily 8/18,2020-08-18T22:53:25.888744,estk_b64dd47a8492df91998cf3066566c393,evt_b64dd47a8492df91,James Harden,NBA,53.04,52.21,5,0.11,12.6000,9.6700,14.4300,11.5200
$50 NBA Daily 8/18,2020-08-18T22:53:25.888761,estk_b64dd47a8492df9186ea8af848cca3f6,evt_b64dd47a8492df91,Chris Paul,NBA,40.85,39.61,3.25,0.11,9.0600,8.5500,10.9800,7.6600
$50 NBA Daily 8/18,2020-08-18T22:53:25.888765,estk_b64dd47a8492df914d546eba965e40a0,evt_b64dd47a8492df91,Steven Adams,NBA,33.86,37.14,7,0.11,7.8000,6.7700,9.5400,6.2200
$50 NBA Daily 8/18,2020-08-18T22:53:25.888772,estk_b64dd47a8492df916e1b2c66fb087a89,evt_b64dd47a8492df91,Danilo Gallinari,NBA,28.03,30.45,5.5,0.11,6.1500,5.2700,7.8100,4.5700
$50 NBA Daily 8/18,2020-08-18T22:53:25.888776,estk_b64dd47a8492df9133aee19dae855240,evt_b64dd47a8492df91,Shai Gilgeous-Alexander,NBA,31.57,30.35,2.25,0.11,6.1000,6.1200,7.7000,4.5400
$50 NBA Daily 8/18,2020-08-18T22:53:25.888780,estk_b64dd47a8492df91bb2265938b36951f,evt_b64dd47a8492df91,P.J. Tucker,NBA,19.39,27.76,10.5,0.11,5.3700,3.5300,7.0400,3.2900
$50 NBA Daily 8/18,2020-08-18T22:53:25.888792,estk_b64dd47a8492df912e7d4bf632563918,evt_b64dd47a8492df91,Robert Covington,NBA,25.75,23.67,0.75,0.11,4.4200,4.7400,6.0100,3.5400
$50 NBA Daily 8/18,2020-08-18T22:53:25.888795,estk_b64dd47a8492df91ce8e428feaa184fb,evt_b64dd47a8492df91,Dennis Schroder,NBA,25.46,22.66,0,0.11,4.2400,4.6900,5.9600,3.3200
$50 NBA Daily 8/18,2020-08-18T22:53:25.888817,estk_b64dd47a8492df917e274b6cb95b0d20,evt_b64dd47a8492df91,Danuel House,NBA,18.5,19.71,3.25,0.11,3.3400,3.3800,5.1100,1.9400
$50 NBA Daily 8/18,2020-08-18T22:53:25.888824,estk_b64dd47a8492df910b5bea604e9b515d,evt_b64dd47a8492df91,Nerlens Noel,NBA,18.33,16.31,0,0.11,3.0200,3.3600,5.0300,1.9300
$50 NBA Daily 8/18,2020-08-18T22:53:25.888832,estk_b64dd47a8492df919e314ab9e97d6d4e,evt_b64dd47a8492df91,Eric Gordon,NBA,17.04,15.42,0.25,0.11,2.8800,3.1900,4.8500,1.7200
$50 NBA Daily 8/18,2020-08-18T22:53:25.888835,estk_b64dd47a8492df91d086e77c2f7fd9b3,evt_b64dd47a8492df91,Hamidou Diallo,NBA,16.34,14.54,0,0.11,2.7800,3.0700,4.7200,1.5700
$50 NBA Daily 8/18,2020-08-18T22:53:25.888839,estk_b64dd47a8492df91835e4cb9b4f65e3b,evt_b64dd47a8492df91,Jeff Green,NBA,15.46,13.76,0,0.11,2.6900,2.9300,4.5600,1.4600
$50 NBA Daily 8/18,2020-08-18T22:53:25.888843,estk_b64dd47a8492df91d5d16483f5148c0b,evt_b64dd47a8492df91,Darius Bazley,NBA,15.11,13.45,0,0.11,2.6700,2.9000,4.5200,1.4300
$50 NBA Daily 8/18,2020-08-18T22:53:25.888858,estk_b64dd47a8492df9119f5682bdf2d2680,evt_b64dd47a8492df91,DeMarre Carroll,NBA,10.13,9.02,0,0.11,2.1100,2.3200,3.9100,
$50 NBA Daily 8/18,2020-08-18T22:54:56.899799,estk_b64dd47a8492df91998cf3066566c393,evt_b64dd47a8492df91,James Harden,NBA,53.04,51.68,5,0.12,13.8300,9.6700,15.6100,11.5200
$50 NBA Daily 8/18,2020-08-18T22:54:56.899816,estk_b64dd47a8492df9186ea8af848cca3f6,evt_b64dd47a8492df91,Chris Paul,NBA,40.85,39.2,3.25,0.12,8.9100,8.5500,10.9800,7.6600
$50 NBA Daily 8/18,2020-08-18T22:54:56.899820,estk_b64dd47a8492df914d546eba965e40a0,evt_b64dd47a8492df91,Steven Adams,NBA,33.86,36.8,7,0.12,8.0700,6.7700,9.5400,6.2200
$50 NBA Daily 8/18,2020-08-18T22:54:56.899827,estk_b64dd47a8492df9133aee19dae855240,evt_b64dd47a8492df91,Shai Gilgeous-Alexander,NBA,31.57,30.03,2.25,0.12,5.9900,6.1200,7.7000,4.5400
$50 NBA Daily 8/18,2020-08-18T22:54:56.899831,estk_b64dd47a8492df916e1b2c66fb087a89,evt_b64dd47a8492df91,Danilo Gallinari,NBA,28.03,30.17,5.5,0.12,5.9500,5.2700,7.8100,4.5700
$50 NBA Daily 8/18,2020-08-18T22:54:56.899835,estk_b64dd47a8492df91bb2265938b36951f,evt_b64dd47a8492df91,P.J. Tucker,NBA,19.39,27.56,10.5,0.12,5.3300,3.5300,7.0400,3.7200
$50 NBA Daily 8/18,2020-08-18T22:54:56.899846,estk_b64dd47a8492df912e7d4bf632563918,evt_b64dd47a8492df91,Robert Covington,NBA,25.75,23.41,0.75,0.12,4.3500,4.7400,6.0100,3.3400
$50 NBA Daily 8/18,2020-08-18T22:54:56.899850,estk_b64dd47a8492df91ce8e428feaa184fb,evt_b64dd47a8492df91,Dennis Schroder,NBA,25.46,22.4,0,0.12,4.1400,4.6900,5.9600,3.2600
$50 NBA Daily 8/18,2020-08-18T22:54:56.899864,estk_b64dd47a8492df917e274b6cb95b0d20,evt_b64dd47a8492df91,Danuel House,NBA,18.5,19.53,3.25,0.12,3.5600,3.3800,5.1100,1.9900
$50 NBA Daily 8/18,2020-08-18T22:54:56.899879,estk_b64dd47a8492df910b5bea604e9b515d,evt_b64dd47a8492df91,Nerlens Noel,NBA,18.33,16.13,0,0.12,3.0000,3.3600,5.0300,1.9300
$50 NBA Daily 8/18,2020-08-18T22:54:56.899886,estk_b64dd47a8492df919e314ab9e97d6d4e,evt_b64dd47a8492df91,Eric Gordon,NBA,17.04,15.25,0.25,0.12,2.7700,3.1900,4.3300,1.7200
$50 NBA Daily 8/18,2020-08-18T22:54:56.899890,estk_b64dd47a8492df91d086e77c2f7fd9b3,evt_b64dd47a8492df91,Hamidou Diallo,NBA,16.34,14.38,0,0.12,2.7400,3.0700,4.7200,1.5700
$50 NBA Daily 8/18,2020-08-18T22:54:56.899893,estk_b64dd47a8492df91835e4cb9b4f65e3b,evt_b64dd47a8492df91,Jeff Green,NBA,15.46,13.6,0,0.12,2.6400,2.9300,4.5600,1.4600
$50 NBA Daily 8/18,2020-08-18T22:54:56.899897,estk_b64dd47a8492df91d5d16483f5148c0b,evt_b64dd47a8492df91,Darius Bazley,NBA,15.11,13.3,0,0.12,2.5900,2.9000,4.5200,1.4300
$50 NBA Daily 8/18,2020-08-18T22:54:56.899912,estk_b64dd47a8492df9119f5682bdf2d2680,evt_b64dd47a8492df91,DeMarre Carroll,NBA,10.13,8.91,0,0.12,2.1000,2.3200,3.9100,
$50 NBA Daily 8/18,2020-08-18T22:55:57.668454,estk_b64dd47a8492df91998cf3066566c393,evt_b64dd47a8492df91,James Harden,NBA,53.04,51.14,5,0.13,13.8300,9.6700,15.6100,11.5200
$50 NBA Daily 8/18,2020-08-18T22:55:57.668472,estk_b64dd47a8492df9186ea8af848cca3f6,evt_b64dd47a8492df91,Chris Paul,NBA,40.85,38.79,3.25,0.13,8.9100,8.5500,10.9800,7.6600
$50 NBA Daily 8/18,2020-08-18T22:55:57.668475,estk_b64dd47a8492df914d546eba965e40a0,evt_b64dd47a8492df91,Steven Adams,NBA,33.86,37.21,7.75,0.13,8.0700,6.7700,9.5400,6.2200
$50 NBA Daily 8/18,2020-08-18T22:55:57.668483,estk_b64dd47a8492df9133aee19dae855240,evt_b64dd47a8492df91,Shai Gilgeous-Alexander,NBA,31.57,29.72,2.25,0.13,5.9900,6.1200,7.7000,4.5400
$50 NBA Daily 8/18,2020-08-18T22:55:57.668487,estk_b64dd47a8492df916e1b2c66fb087a89,evt_b64dd47a8492df91,Danilo Gallinari,NBA,28.03,29.89,5.5,0.13,5.9500,5.2700,7.8100,4.5700
$50 NBA Daily 8/18,2020-08-18T22:55:57.668491,estk_b64dd47a8492df91bb2265938b36951f,evt_b64dd47a8492df91,P.J. Tucker,NBA,19.39,27.37,10.5,0.13,5.3300,3.5300,7.0400,3.7200
$50 NBA Daily 8/18,2020-08-18T22:55:57.668502,estk_b64dd47a8492df912e7d4bf632563918,evt_b64dd47a8492df91,Robert Covington,NBA,25.75,25.15,2.75,0.13,4.3500,4.7400,6.0100,3.3400
$50 NBA Daily 8/18,2020-08-18T22:55:57.668505,estk_b64dd47a8492df91ce8e428feaa184fb,evt_b64dd47a8492df91,Dennis Schroder,NBA,25.46,21.65,-0.5,0.13,4.1400,4.6900,5.9600,3.2600
$50 NBA Daily 8/18,2020-08-18T22:55:57.668520,estk_b64dd47a8492df917e274b6cb95b0d20,evt_b64dd47a8492df91,Danuel House,NBA,18.5,20.84,4.75,0.13,3.5600,3.3800,5.1100,1.9900
$50 NBA Daily 8/18,2020-08-18T22:55:57.668535,estk_b64dd47a8492df910b5bea604e9b515d,evt_b64dd47a8492df91,Nerlens Noel,NBA,18.33,15.95,0,0.13,3.0000,3.3600,5.0300,1.9300
$50 NBA Daily 8/18,2020-08-18T22:55:57.668542,estk_b64dd47a8492df919e314ab9e97d6d4e,evt_b64dd47a8492df91,Eric Gordon,NBA,17.04,15.07,0.25,0.13,2.7700,3.1900,4.3300,1.7200
$50 NBA Daily 8/18,2020-08-18T22:55:57.668546,estk_b64dd47a8492df91d086e77c2f7fd9b3,evt_b64dd47a8492df91,Hamidou Diallo,NBA,16.34,14.22,0,0.13,2.7400,3.0700,4.7200,1.5700
$50 NBA Daily 8/18,2020-08-18T22:55:57.668549,estk_b64dd47a8492df91835e4cb9b4f65e3b,evt_b64dd47a8492df91,Jeff Green,NBA,15.46,12.95,-0.5,0.13,2.6400,2.9300,4.5600,1.4600
$50 NBA Daily 8/18,2020-08-18T22:55:57.668553,estk_b64dd47a8492df91d5d16483f5148c0b,evt_b64dd47a8492df91,Darius Bazley,NBA,15.11,13.15,0,0.13,2.5900,2.9000,4.5200,1.4300
$50 NBA Daily 8/18,2020-08-18T22:55:57.668567,estk_b64dd47a8492df9119f5682bdf2d2680,evt_b64dd47a8492df91,DeMarre Carroll,NBA,10.13,8.81,0,0.13,2.1000,2.3200,3.9100,
$50 NBA Daily 8/18,2020-08-18T22:56:28.000401,estk_b64dd47a8492df91998cf3066566c393,evt_b64dd47a8492df91,James Harden,NBA,53.04,50.83,5.75,0.15,13.4000,9.6700,15.6100,11.6900
$50 NBA Daily 8/18,2020-08-18T22:56:28.000418,estk_b64dd47a8492df9186ea8af848cca3f6,evt_b64dd47a8492df91,Chris Paul,NBA,40.85,38.72,4,0.15,8.5600,8.5500,10.2300,7.5800
$50 NBA Daily 8/18,2020-08-18T22:56:28.000422,estk_b64dd47a8492df914d546eba965e40a0,evt_b64dd47a8492df91,Steven Adams,NBA,33.86,37.78,9,0.15,8.1200,6.7700,9.5400,6.4200
$50 NBA Daily 8/18,2020-08-18T22:56:28.000430,estk_b64dd47a8492df916e1b2c66fb087a89,evt_b64dd47a8492df91,Danilo Gallinari,NBA,28.03,29.33,5.5,0.15,5.9800,5.2700,7.8100,4.5700
$50 NBA Daily 8/18,2020-08-18T22:56:28.000434,estk_b64dd47a8492df9133aee19dae855240,evt_b64dd47a8492df91,Shai Gilgeous-Alexander,NBA,31.57,29.08,2.25,0.15,5.7600,6.1200,7.7000,4.5400
$50 NBA Daily 8/18,2020-08-18T22:56:28.000438,estk_b64dd47a8492df91bb2265938b36951f,evt_b64dd47a8492df91,P.J. Tucker,NBA,19.39,26.98,10.5,0.15,5.2200,3.5300,7.0400,3.7200
$50 NBA Daily 8/18,2020-08-18T22:56:28.000450,estk_b64dd47a8492df912e7d4bf632563918,evt_b64dd47a8492df91,Robert Covington,NBA,25.75,24.64,2.75,0.15,4.6600,4.7400,6.0100,3.3400
$50 NBA Daily 8/18,2020-08-18T22:56:28.000453,estk_b64dd47a8492df91ce8e428feaa184fb,evt_b64dd47a8492df91,Dennis Schroder,NBA,25.46,20.64,-1,0.15,3.9400,4.6900,5.9600,2.7800
$50 NBA Daily 8/18,2020-08-18T22:56:28.000467,estk_b64dd47a8492df917e274b6cb95b0d20,evt_b64dd47a8492df91,Danuel House,NBA,18.5,19.98,4.25,0.15,3.7100,3.3800,5.1100,2.1500
$50 NBA Daily 8/18,2020-08-18T22:56:28.000486,estk_b64dd47a8492df910b5bea604e9b515d,evt_b64dd47a8492df91,Nerlens Noel,NBA,18.33,15.58,0,0.15,2.9200,3.3600,4.4700,1.9300
$50 NBA Daily 8/18,2020-08-18T22:56:28.000489,estk_b64dd47a8492df919e314ab9e97d6d4e,evt_b64dd47a8492df91,Eric Gordon,NBA,17.04,14.73,0.25,0.15,2.8000,3.1900,4.3300,1.7200
$50 NBA Daily 8/18,2020-08-18T22:56:28.000493,estk_b64dd47a8492df91d086e77c2f7fd9b3,evt_b64dd47a8492df91,Hamidou Diallo,NBA,16.34,13.89,0,0.15,2.6900,3.0700,4.2400,1.5700
$50 NBA Daily 8/18,2020-08-18T22:56:28.000500,estk_b64dd47a8492df91835e4cb9b4f65e3b,evt_b64dd47a8492df91,Jeff Green,NBA,15.46,12.64,-0.5,0.15,2.5200,2.9300,4.0700,1.4600
$50 NBA Daily 8/18,2020-08-18T22:56:28.000504,estk_b64dd47a8492df91d5d16483f5148c0b,evt_b64dd47a8492df91,Darius Bazley,NBA,15.11,12.84,0,0.15,2.5000,2.9000,4.5200,1.4300
$50 NBA Daily 8/18,2020-08-18T22:56:28.000515,estk_b64dd47a8492df9119f5682bdf2d2680,evt_b64dd47a8492df91,DeMarre Carroll,NBA,10.13,8.61,0,0.15,2.0700,2.3200,3.9100,
$50 NBA Daily 8/18,2020-08-18T22:58:29.331595,estk_b64dd47a8492df91998cf3066566c393,evt_b64dd47a8492df91,James Harden,NBA,53.04,50.3,5.75,0.16,13.3400,9.6700,15.1000,11.6900
$50 NBA Daily 8/18,2020-08-18T22:58:29.331613,estk_b64dd47a8492df9186ea8af848cca3f6,evt_b64dd47a8492df91,Chris Paul,NBA,40.85,39.81,5.5,0.16,8.6800,8.5500,10.2300,7.5800
$50 NBA Daily 8/18,2020-08-18T22:58:29.331617,estk_b64dd47a8492df914d546eba965e40a0,evt_b64dd47a8492df91,Steven Adams,NBA,33.86,37.44,9,0.16,8.2700,6.7700,9.5400,6.4200
$50 NBA Daily 8/18,2020-08-18T22:58:29.331624,estk_b64dd47a8492df9133aee19dae855240,evt_b64dd47a8492df91,Shai Gilgeous-Alexander,NBA,31.57,28.77,2.25,0.16,5.7100,6.1200,7.7000,4.5400
$50 NBA Daily 8/18,2020-08-18T22:58:29.331628,estk_b64dd47a8492df916e1b2c66fb087a89,evt_b64dd47a8492df91,Danilo Gallinari,NBA,28.03,29.05,5.5,0.16,5.6300,5.2700,7.8100,4.5700
$50 NBA Daily 8/18,2020-08-18T22:58:29.331632,estk_b64dd47a8492df91bb2265938b36951f,evt_b64dd47a8492df91,P.J. Tucker,NBA,19.39,26.79,10.5,0.16,5.1300,3.5300,7.0400,3.7200
$50 NBA Daily 8/18,2020-08-18T22:58:29.331644,estk_b64dd47a8492df912e7d4bf632563918,evt_b64dd47a8492df91,Robert Covington,NBA,25.75,25.63,4,0.16,4.6400,4.7400,6.0100,3.3400
$50 NBA Daily 8/18,2020-08-18T22:58:29.331658,estk_b64dd47a8492df91ce8e428feaa184fb,evt_b64dd47a8492df91,Dennis Schroder,NBA,25.46,20.39,-1,0.16,3.7400,4.6900,5.2600,2.7800
$50 NBA Daily 8/18,2020-08-18T22:58:29.331669,estk_b64dd47a8492df917e274b6cb95b0d20,evt_b64dd47a8492df91,Danuel House,NBA,18.5,19.79,4.25,0.16,3.5900,3.3800,5.1100,2.1500
$50 NBA Daily 8/18,2020-08-18T22:58:29.331680,estk_b64dd47a8492df910b5bea604e9b515d,evt_b64dd47a8492df91,Nerlens Noel,NBA,18.33,15.4,0,0.16,2.8500,3.3600,4.4700,1.9300
$50 NBA Daily 8/18,2020-08-18T22:58:29.331684,estk_b64dd47a8492df919e314ab9e97d6d4e,evt_b64dd47a8492df91,Eric Gordon,NBA,17.04,14.56,0.25,0.16,2.7700,3.1900,4.3300,1.7200
$50 NBA Daily 8/18,2020-08-18T22:58:29.331691,estk_b64dd47a8492df91d086e77c2f7fd9b3,evt_b64dd47a8492df91,Hamidou Diallo,NBA,16.34,13.73,0,0.16,2.5900,3.0700,4.2100,1.5700
$50 NBA Daily 8/18,2020-08-18T22:58:29.331695,estk_b64dd47a8492df91d5d16483f5148c0b,evt_b64dd47a8492df91,Darius Bazley,NBA,15.11,12.69,0,0.16,2.4700,2.9000,4.5200,1.4300
$50 NBA Daily 8/18,2020-08-18T22:58:29.331698,estk_b64dd47a8492df91835e4cb9b4f65e3b,evt_b64dd47a8492df91,Jeff Green,NBA,15.46,12.49,-0.5,0.16,2.4300,2.9300,4.0700,1.4600
$50 NBA Daily 8/18,2020-08-18T22:58:29.331709,estk_b64dd47a8492df9119f5682bdf2d2680,evt_b64dd47a8492df91,DeMarre Carroll,NBA,10.13,8.51,0,0.16,2.0100,2.3200,3.9100,
$50 NBA Daily 8/18,2020-08-18T23:02:01.691553,estk_b64dd47a8492df91998cf3066566c393,evt_b64dd47a8492df91,James Harden,NBA,53.04,50.74,7.25,0.18,13.1800,9.6700,15.1000,11.6900
$50 NBA Daily 8/18,2020-08-18T23:02:01.691571,estk_b64dd47a8492df9186ea8af848cca3f6,evt_b64dd47a8492df91,Chris Paul,NBA,40.85,39,5.5,0.18,9.1400,8.5500,10.3700,7.5800
$50 NBA Daily 8/18,2020-08-18T23:02:01.691575,estk_b64dd47a8492df914d546eba965e40a0,evt_b64dd47a8492df91,Steven Adams,NBA,33.86,36.77,9,0.18,8.2200,6.7700,9.5400,6.4200
$50 NBA Daily 8/18,2020-08-18T23:02:01.691583,estk_b64dd47a8492df916e1b2c66fb087a89,evt_b64dd47a8492df91,Danilo Gallinari,NBA,28.03,29.48,6.5,0.18,5.6500,5.2700,7.2400,4.5700
$50 NBA Daily 8/18,2020-08-18T23:02:01.691587,estk_b64dd47a8492df9133aee19dae855240,evt_b64dd47a8492df91,Shai Gilgeous-Alexander,NBA,31.57,28.14,2.25,0.18,5.5700,6.1200,7.1800,4.5400
$50 NBA Daily 8/18,2020-08-18T23:02:01.691591,estk_b64dd47a8492df91bb2265938b36951f,evt_b64dd47a8492df91,P.J. Tucker,NBA,19.39,26.4,10.5,0.18,5.0500,3.5300,7.0400,3.7200
$50 NBA Daily 8/18,2020-08-18T23:02:01.691599,estk_b64dd47a8492df912e7d4bf632563918,evt_b64dd47a8492df91,Robert Covington,NBA,25.75,25.12,4,0.18,4.8100,4.7400,6.0100,3.3400
$50 NBA Daily 8/18,2020-08-18T23:02:01.691617,estk_b64dd47a8492df91ce8e428feaa184fb,evt_b64dd47a8492df91,Dennis Schroder,NBA,25.46,21.88,1,0.18,3.6600,4.6900,5.2600,2.7800
$50 NBA Daily 8/18,2020-08-18T23:02:01.691628,estk_b64dd47a8492df917e274b6cb95b0d20,evt_b64dd47a8492df91,Danuel House,NBA,18.5,19.42,4.25,0.18,3.5600,3.3800,5.1100,2.1500
$50 NBA Daily 8/18,2020-08-18T23:02:01.691640,estk_b64dd47a8492df910b5bea604e9b515d,evt_b64dd47a8492df91,Nerlens Noel,NBA,18.33,15.03,0,0.18,2.8400,3.3600,4.4700,1.9300
$50 NBA Daily 8/18,2020-08-18T23:02:01.691643,estk_b64dd47a8492df919e314ab9e97d6d4e,evt_b64dd47a8492df91,Eric Gordon,NBA,17.04,14.22,0.25,0.18,2.7000,3.1900,4.3300,1.7200
$50 NBA Daily 8/18,2020-08-18T23:02:01.691651,estk_b64dd47a8492df91d086e77c2f7fd9b3,evt_b64dd47a8492df91,Hamidou Diallo,NBA,16.34,13.4,0,0.18,2.5800,3.0700,4.2100,1.5700
$50 NBA Daily 8/18,2020-08-18T23:02:01.691655,estk_b64dd47a8492df91d5d16483f5148c0b,evt_b64dd47a8492df91,Darius Bazley,NBA,15.11,12.39,0,0.18,2.4800,2.9000,4.0200,1.4300
$50 NBA Daily 8/18,2020-08-18T23:02:01.691659,estk_b64dd47a8492df91835e4cb9b4f65e3b,evt_b64dd47a8492df91,Jeff Green,NBA,15.46,13.43,0.75,0.18,2.4300,2.9300,4.0700,1.4600
$50 NBA Daily 8/18,2020-08-18T23:02:01.691671,estk_b64dd47a8492df9119f5682bdf2d2680,evt_b64dd47a8492df91,DeMarre Carroll,NBA,10.13,8.31,0,0.18,2.0000,2.3200,3.9100,
$50 NBA Daily 8/18,2020-08-18T23:04:03.027761,estk_b64dd47a8492df91998cf3066566c393,evt_b64dd47a8492df91,James Harden,NBA,53.04,49.68,7.25,0.2,13.3400,9.6700,15.1000,11.6900
$50 NBA Daily 8/18,2020-08-18T23:04:03.027779,estk_b64dd47a8492df9186ea8af848cca3f6,evt_b64dd47a8492df91,Chris Paul,NBA,40.85,38.18,5.5,0.2,8.8800,8.5500,10.3700,7.5800
$50 NBA Daily 8/18,2020-08-18T23:04:03.027783,estk_b64dd47a8492df914d546eba965e40a0,evt_b64dd47a8492df91,Steven Adams,NBA,33.86,36.09,9,0.2,7.9900,6.7700,9.5400,6.4200
$50 NBA Daily 8/18,2020-08-18T23:04:03.027791,estk_b64dd47a8492df916e1b2c66fb087a89,evt_b64dd47a8492df91,Danilo Gallinari,NBA,28.03,28.92,6.5,0.2,5.8100,5.2700,7.2400,4.5700
$50 NBA Daily 8/18,2020-08-18T23:04:03.027795,estk_b64dd47a8492df9133aee19dae855240,evt_b64dd47a8492df91,Shai Gilgeous-Alexander,NBA,31.57,28.76,3.5,0.2,5.4700,6.1200,7.1800,4.5400
$50 NBA Daily 8/18,2020-08-18T23:04:03.027799,estk_b64dd47a8492df91bb2265938b36951f,evt_b64dd47a8492df91,P.J. Tucker,NBA,19.39,26.01,10.5,0.2,4.9500,3.5300,6.5400,3.7200
$50 NBA Daily 8/18,2020-08-18T23:04:03.027810,estk_b64dd47a8492df912e7d4bf632563918,evt_b64dd47a8492df91,Robert Covington,NBA,25.75,24.6,4,0.2,4.6000,4.7400,6.0100,3.3400
$50 NBA Daily 8/18,2020-08-18T23:04:03.027817,estk_b64dd47a8492df91ce8e428feaa184fb,evt_b64dd47a8492df91,Dennis Schroder,NBA,25.46,21.37,1,0.2,3.9800,4.6900,5.2600,2.7800
$50 NBA Daily 8/18,2020-08-18T23:04:03.027836,estk_b64dd47a8492df917e274b6cb95b0d20,evt_b64dd47a8492df91,Danuel House,NBA,18.5,19.05,4.25,0.2,3.4800,3.3800,5.1100,2.1500
$50 NBA Daily 8/18,2020-08-18T23:04:03.027847,estk_b64dd47a8492df910b5bea604e9b515d,evt_b64dd47a8492df91,Nerlens Noel,NBA,18.33,14.66,0,0.2,2.7200,3.3600,4.4700,1.9100
$50 NBA Daily 8/18,2020-08-18T23:04:03.027851,estk_b64dd47a8492df919e314ab9e97d6d4e,evt_b64dd47a8492df91,Eric Gordon,NBA,17.04,13.88,0.25,0.2,2.6300,3.1900,4.3300,1.7200
$50 NBA Daily 8/18,2020-08-18T23:04:03.027858,estk_b64dd47a8492df91835e4cb9b4f65e3b,evt_b64dd47a8492df91,Jeff Green,NBA,15.46,17.37,5,0.2,2.5200,2.9300,4.0700,1.4600
$50 NBA Daily 8/18,2020-08-18T23:04:03.027862,estk_b64dd47a8492df91d086e77c2f7fd9b3,evt_b64dd47a8492df91,Hamidou Diallo,NBA,16.34,12.57,-0.5,0.2,2.5000,3.0700,4.2100,1.5700
$50 NBA Daily 8/18,2020-08-18T23:04:03.027870,estk_b64dd47a8492df91d5d16483f5148c0b,evt_b64dd47a8492df91,Darius Bazley,NBA,15.11,12.09,0,0.2,2.3600,2.9000,4.0200,1.4300
$50 NBA Daily 8/18,2020-08-18T23:04:03.027878,estk_b64dd47a8492df9119f5682bdf2d2680,evt_b64dd47a8492df91,DeMarre Carroll,NBA,10.13,8.1,0,0.2,1.9500,2.3200,3.9100,
$50 NBA Daily 8/18,2020-08-18T23:08:05.675511,estk_b64dd47a8492df91998cf3066566c393,evt_b64dd47a8492df91,James Harden,NBA,53.04,49.15,7.25,0.21,13.1300,9.6700,15.1000,11.6900
$50 NBA Daily 8/18,2020-08-18T23:08:05.675529,estk_b64dd47a8492df9186ea8af848cca3f6,evt_b64dd47a8492df91,Chris Paul,NBA,40.85,37.77,5.5,0.21,8.5700,8.5500,10.3100,7.5800
$50 NBA Daily 8/18,2020-08-18T23:08:05.675532,estk_b64dd47a8492df914d546eba965e40a0,evt_b64dd47a8492df91,Steven Adams,NBA,33.86,35.75,9,0.21,7.8600,6.7700,9.5400,6.4200
$50 NBA Daily 8/18,2020-08-18T23:08:05.675540,estk_b64dd47a8492df916e1b2c66fb087a89,evt_b64dd47a8492df91,Danilo Gallinari,NBA,28.03,30.64,8.5,0.21,5.6300,5.2700,7.2400,4.5700
$50 NBA Daily 8/18,2020-08-18T23:08:05.675544,estk_b64dd47a8492df9133aee19dae855240,evt_b64dd47a8492df91,Shai Gilgeous-Alexander,NBA,31.57,28.44,3.5,0.21,5.6000,6.1200,7.1800,4.5400
$50 NBA Daily 8/18,2020-08-18T23:08:05.675548,estk_b64dd47a8492df912e7d4bf632563918,evt_b64dd47a8492df91,Robert Covington,NBA,25.75,26.34,6,0.21,5.0200,4.7400,6.5700,3.3700
$50 NBA Daily 8/18,2020-08-18T23:08:05.675559,estk_b64dd47a8492df91bb2265938b36951f,evt_b64dd47a8492df91,P.J. Tucker,NBA,19.39,23.82,8.5,0.21,4.3700,3.5300,5.9700,3.2900
$50 NBA Daily 8/18,2020-08-18T23:08:05.675573,estk_b64dd47a8492df91ce8e428feaa184fb,evt_b64dd47a8492df91,Dennis Schroder,NBA,25.46,20.61,0.5,0.21,3.8000,4.6900,5.2600,2.7800
$50 NBA Daily 8/18,2020-08-18T23:08:05.675584,estk_b64dd47a8492df917e274b6cb95b0d20,evt_b64dd47a8492df91,Danuel House,NBA,18.5,18.87,4.25,0.21,3.3900,3.3800,5.1100,2.1500
$50 NBA Daily 8/18,2020-08-18T23:08:05.675592,estk_b64dd47a8492df91835e4cb9b4f65e3b,evt_b64dd47a8492df91,Jeff Green,NBA,15.46,19.21,7,0.21,3.0600,2.9300,4.6600,1.5300
$50 NBA Daily 8/18,2020-08-18T23:08:05.675600,estk_b64dd47a8492df910b5bea604e9b515d,evt_b64dd47a8492df91,Nerlens Noel,NBA,18.33,14.48,0,0.21,2.7000,3.3600,4.4700,1.6000
$50 NBA Daily 8/18,2020-08-18T23:08:05.675607,estk_b64dd47a8492df919e314ab9e97d6d4e,evt_b64dd47a8492df91,Eric Gordon,NBA,17.04,15.71,2.25,0.21,2.5300,3.1900,4.3300,1.7200
$50 NBA Daily 8/18,2020-08-18T23:08:05.675618,estk_b64dd47a8492df91d086e77c2f7fd9b3,evt_b64dd47a8492df91,Hamidou Diallo,NBA,16.34,12.41,-0.5,0.21,2.3500,3.0700,4.2100,1.5400
$50 NBA Daily 8/18,2020-08-18T23:08:05.675622,estk_b64dd47a8492df91d5d16483f5148c0b,evt_b64dd47a8492df91,Darius Bazley,NBA,15.11,11.94,0,0.21,2.3200,2.9000,4.0200,1.4300
$50 NBA Daily 8/18,2020-08-18T23:08:05.675625,estk_b64dd47a8492df9119f5682bdf2d2680,evt_b64dd47a8492df91,DeMarre Carroll,NBA,10.13,8,0,0.21,1.8900,2.3200,3.9100,
$50 NBA Daily 8/18,2020-08-18T23:10:06.979100,estk_b64dd47a8492df91998cf3066566c393,evt_b64dd47a8492df91,James Harden,NBA,53.04,47.56,7.25,0.24,12.8900,9.6700,15.1000,11.6900
$50 NBA Daily 8/18,2020-08-18T23:10:06.979117,estk_b64dd47a8492df9186ea8af848cca3f6,evt_b64dd47a8492df91,Chris Paul,NBA,40.85,37.3,6.25,0.24,8.3700,8.5500,10.3100,7.4200
$50 NBA Daily 8/18,2020-08-18T23:10:06.979120,estk_b64dd47a8492df914d546eba965e40a0,evt_b64dd47a8492df91,Steven Adams,NBA,33.86,40.23,14.5,0.24,7.7200,6.7700,9.5400,6.4200
$50 NBA Daily 8/18,2020-08-18T23:10:06.979128,estk_b64dd47a8492df916e1b2c66fb087a89,evt_b64dd47a8492df91,Danilo Gallinari,NBA,28.03,29.8,8.5,0.24,6.1100,5.2700,7.7800,4.5700
$50 NBA Daily 8/18,2020-08-18T23:10:06.979133,estk_b64dd47a8492df9133aee19dae855240,evt_b64dd47a8492df91,Shai Gilgeous-Alexander,NBA,31.57,27.49,3.5,0.24,5.4400,6.1200,7.1800,4.5400
$50 NBA Daily 8/18,2020-08-18T23:10:06.979140,estk_b64dd47a8492df912e7d4bf632563918,evt_b64dd47a8492df91,Robert Covington,NBA,25.75,25.57,6,0.24,4.9500,4.7400,6.5700,3.3700
$50 NBA Daily 8/18,2020-08-18T23:10:06.979148,estk_b64dd47a8492df91bb2265938b36951f,evt_b64dd47a8492df91,P.J. Tucker,NBA,19.39,22.74,8,0.24,4.3200,3.5300,5.9700,3.2900
$50 NBA Daily 8/18,2020-08-18T23:10:06.979162,estk_b64dd47a8492df91835e4cb9b4f65e3b,evt_b64dd47a8492df91,Jeff Green,NBA,15.46,20.75,9,0.24,3.7700,2.9300,5.3500,2.1900
$50 NBA Daily 8/18,2020-08-18T23:10:06.979173,estk_b64dd47a8492df91ce8e428feaa184fb,evt_b64dd47a8492df91,Dennis Schroder,NBA,25.46,19.85,0.5,0.24,3.6100,4.6900,5.2600,2.7800
$50 NBA Daily 8/18,2020-08-18T23:10:06.979177,estk_b64dd47a8492df917e274b6cb95b0d20,evt_b64dd47a8492df91,Danuel House,NBA,18.5,18.31,4.25,0.24,3.3100,3.3800,5.1100,2.1500
$50 NBA Daily 8/18,2020-08-18T23:10:06.979194,estk_b64dd47a8492df919e314ab9e97d6d4e,evt_b64dd47a8492df91,Eric Gordon,NBA,17.04,15.2,2.25,0.24,2.7900,3.1900,4.3300,1.7200
$50 NBA Daily 8/18,2020-08-18T23:10:06.979201,estk_b64dd47a8492df910b5bea604e9b515d,evt_b64dd47a8492df91,Nerlens Noel,NBA,18.33,13.93,0,0.24,2.5800,3.3600,4.4700,1.6000
$50 NBA Daily 8/18,2020-08-18T23:10:06.979211,estk_b64dd47a8492df91d5d16483f5148c0b,evt_b64dd47a8492df91,Darius Bazley,NBA,15.11,16.23,4.75,0.24,2.3400,2.9000,4.0200,1.4300
$50 NBA Daily 8/18,2020-08-18T23:10:06.979215,estk_b64dd47a8492df91d086e77c2f7fd9b3,evt_b64dd47a8492df91,Hamidou Diallo,NBA,16.34,11.92,-0.5,0.24,2.3100,3.0700,4.2100,1.3100
$50 NBA Daily 8/18,2020-08-18T23:10:06.979218,estk_b64dd47a8492df9119f5682bdf2d2680,evt_b64dd47a8492df91,DeMarre Carroll,NBA,10.13,7.7,0,0.24,1.8800,2.3200,3.9100,
$50 NBA Daily 8/18,2020-08-18T23:12:08.356032,estk_b64dd47a8492df91998cf3066566c393,evt_b64dd47a8492df91,James Harden,NBA,53.04,47.03,7.25,0.25,12.3600,9.6700,14.0800,11.2400
$50 NBA Daily 8/18,2020-08-18T23:12:08.356044,estk_b64dd47a8492df914d546eba965e40a0,evt_b64dd47a8492df91,Steven Adams,NBA,33.86,39.89,14.5,0.25,9.3700,6.7700,11.0400,7.6600
$50 NBA Daily 8/18,2020-08-18T23:12:08.356048,estk_b64dd47a8492df9186ea8af848cca3f6,evt_b64dd47a8492df91,Chris Paul,NBA,40.85,36.39,5.75,0.25,8.3100,8.5500,10.3100,7.3400
$50 NBA Daily 8/18,2020-08-18T23:12:08.356056,estk_b64dd47a8492df916e1b2c66fb087a89,evt_b64dd47a8492df91,Danilo Gallinari,NBA,28.03,29.52,8.5,0.25,5.8400,5.2700,7.7800,4.5700
$50 NBA Daily 8/18,2020-08-18T23:12:08.356060,estk_b64dd47a8492df9133aee19dae855240,evt_b64dd47a8492df91,Shai Gilgeous-Alexander,NBA,31.57,27.18,3.5,0.25,5.2300,6.1200,7.1800,4.0800
$50 NBA Daily 8/18,2020-08-18T23:12:08.356072,estk_b64dd47a8492df912e7d4bf632563918,evt_b64dd47a8492df91,Robert Covington,NBA,25.75,25.31,6,0.25,4.6400,4.7400,6.5700,3.3700
$50 NBA Daily 8/18,2020-08-18T23:12:08.356086,estk_b64dd47a8492df91bb2265938b36951f,evt_b64dd47a8492df91,P.J. Tucker,NBA,19.39,22.54,8,0.25,3.9700,3.5300,5.9700,2.8000
$50 NBA Daily 8/18,2020-08-18T23:12:08.356097,estk_b64dd47a8492df91835e4cb9b4f65e3b,evt_b64dd47a8492df91,Jeff Green,NBA,15.46,20.59,9,0.25,3.6100,2.9300,5.3500,2.1900
$50 NBA Daily 8/18,2020-08-18T23:12:08.356101,estk_b64dd47a8492df91ce8e428feaa184fb,evt_b64dd47a8492df91,Dennis Schroder,NBA,25.46,19.59,0.5,0.25,3.4500,4.6900,5.2600,2.4000
$50 NBA Daily 8/18,2020-08-18T23:12:08.356109,estk_b64dd47a8492df917e274b6cb95b0d20,evt_b64dd47a8492df91,Danuel House,NBA,18.5,18.13,4.25,0.25,3.1700,3.3800,5.1100,2.1500
$50 NBA Daily 8/18,2020-08-18T23:12:08.356116,estk_b64dd47a8492df91d5d16483f5148c0b,evt_b64dd47a8492df91,Darius Bazley,NBA,15.11,16.08,4.75,0.25,2.8200,2.9000,4.0200,1.4300
$50 NBA Daily 8/18,2020-08-18T23:12:08.356120,estk_b64dd47a8492df919e314ab9e97d6d4e,evt_b64dd47a8492df91,Eric Gordon,NBA,17.04,16.53,3.75,0.25,2.6900,3.1900,4.3300,1.7200
$50 NBA Daily 8/18,2020-08-18T23:12:08.356127,estk_b64dd47a8492df910b5bea604e9b515d,evt_b64dd47a8492df91,Nerlens Noel,NBA,18.33,13.75,0,0.25,2.5100,3.3600,4.4700,1.6000
$50 NBA Daily 8/18,2020-08-18T23:12:08.356138,estk_b64dd47a8492df91d086e77c2f7fd9b3,evt_b64dd47a8492df91,Hamidou Diallo,NBA,16.34,11.25,-1,0.25,2.2800,3.0700,4.2100,1.3100
$50 NBA Daily 8/18,2020-08-18T23:12:08.356142,estk_b64dd47a8492df9119f5682bdf2d2680,evt_b64dd47a8492df91,DeMarre Carroll,NBA,10.13,7.6,0,0.25,1.8500,2.3200,3.3700,
$50 NBA Daily 8/18,2020-08-18T23:15:40.836498,estk_b64dd47a8492df91998cf3066566c393,evt_b64dd47a8492df91,James Harden,NBA,53.04,45.44,7.25,0.28,12.1300,9.6700,14.0800,11.1300
$50 NBA Daily 8/18,2020-08-18T23:15:40.836512,estk_b64dd47a8492df914d546eba965e40a0,evt_b64dd47a8492df91,Steven Adams,NBA,33.86,38.38,14,0.28,9.2600,6.7700,11.0400,7.7200
$50 NBA Daily 8/18,2020-08-18T23:15:40.836516,estk_b64dd47a8492df9186ea8af848cca3f6,evt_b64dd47a8492df91,Chris Paul,NBA,40.85,35.16,5.75,0.28,7.9400,8.5500,9.6300,7.0300
$50 NBA Daily 8/18,2020-08-18T23:15:40.836523,estk_b64dd47a8492df916e1b2c66fb087a89,evt_b64dd47a8492df91,Danilo Gallinari,NBA,28.03,28.68,8.5,0.28,5.7900,5.2700,7.7800,4.5700
$50 NBA Daily 8/18,2020-08-18T23:15:40.836527,estk_b64dd47a8492df9133aee19dae855240,evt_b64dd47a8492df91,Shai Gilgeous-Alexander,NBA,31.57,26.23,3.5,0.28,5.0600,6.1200,6.6600,4.0800
$50 NBA Daily 8/18,2020-08-18T23:15:40.836539,estk_b64dd47a8492df912e7d4bf632563918,evt_b64dd47a8492df91,Robert Covington,NBA,25.75,24.54,6,0.28,4.6200,4.7400,6.5700,3.3700
$50 NBA Daily 8/18,2020-08-18T23:15:40.836553,estk_b64dd47a8492df91bb2265938b36951f,evt_b64dd47a8492df91,P.J. Tucker,NBA,19.39,21.96,8,0.28,3.9900,3.5300,5.9700,2.8000
$50 NBA Daily 8/18,2020-08-18T23:15:40.836564,estk_b64dd47a8492df91835e4cb9b4f65e3b,evt_b64dd47a8492df91,Jeff Green,NBA,15.46,22.13,11,0.28,3.6000,2.9300,5.3500,2.1900
$50 NBA Daily 8/18,2020-08-18T23:15:40.836568,estk_b64dd47a8492df91ce8e428feaa184fb,evt_b64dd47a8492df91,Dennis Schroder,NBA,25.46,18.33,0,0.28,3.4400,4.6900,5.2600,2.4000
$50 NBA Daily 8/18,2020-08-18T23:15:40.836576,estk_b64dd47a8492df917e274b6cb95b0d20,evt_b64dd47a8492df91,Danuel House,NBA,18.5,17.57,4.25,0.28,3.1400,3.3800,5.1100,2.1500
$50 NBA Daily 8/18,2020-08-18T23:15:40.836584,estk_b64dd47a8492df919e314ab9e97d6d4e,evt_b64dd47a8492df91,Eric Gordon,NBA,17.04,16.77,4.5,0.28,2.9200,3.1900,4.3300,1.7200
$50 NBA Daily 8/18,2020-08-18T23:15:40.836587,estk_b64dd47a8492df91d5d16483f5148c0b,evt_b64dd47a8492df91,Darius Bazley,NBA,15.11,16.38,5.5,0.28,2.7900,2.9000,4.0200,1.4300
$50 NBA Daily 8/18,2020-08-18T23:15:40.836595,estk_b64dd47a8492df910b5bea604e9b515d,evt_b64dd47a8492df91,Nerlens Noel,NBA,18.33,13.2,0,0.28,2.5200,3.3600,4.4700,1.6000
$50 NBA Daily 8/18,2020-08-18T23:15:40.836605,estk_b64dd47a8492df91d086e77c2f7fd9b3,evt_b64dd47a8492df91,Hamidou Diallo,NBA,16.34,10.76,-1,0.28,2.1400,3.0700,3.6800,1.3100
$50 NBA Daily 8/18,2020-08-18T23:15:40.836609,estk_b64dd47a8492df9119f5682bdf2d2680,evt_b64dd47a8492df91,DeMarre Carroll,NBA,10.13,7.29,0,0.28,1.8100,2.3200,3.3700,
$50 NBA Daily 8/18,2020-08-18T23:18:42.780690,estk_b64dd47a8492df91998cf3066566c393,evt_b64dd47a8492df91,James Harden,NBA,53.04,43.85,7.25,0.31,11.6300,9.6700,13.4500,10.5800
$50 NBA Daily 8/18,2020-08-18T23:18:42.780700,estk_b64dd47a8492df914d546eba965e40a0,evt_b64dd47a8492df91,Steven Adams,NBA,33.86,37.36,14,0.31,8.8600,6.7700,10.5400,7.7200
$50 NBA Daily 8/18,2020-08-18T23:18:42.780704,estk_b64dd47a8492df9186ea8af848cca3f6,evt_b64dd47a8492df91,Chris Paul,NBA,40.85,33.94,5.75,0.31,7.7000,8.5500,9.6300,6.7300
$50 NBA Daily 8/18,2020-08-18T23:18:42.780711,estk_b64dd47a8492df916e1b2c66fb087a89,evt_b64dd47a8492df91,Danilo Gallinari,NBA,28.03,27.84,8.5,0.31,5.5700,5.2700,7.2200,4.5700
$50 NBA Daily 8/18,2020-08-18T23:18:42.780722,estk_b64dd47a8492df9133aee19dae855240,evt_b64dd47a8492df91,Shai Gilgeous-Alexander,NBA,31.57,25.28,3.5,0.31,4.9200,6.1200,6.6600,3.9700
$50 NBA Daily 8/18,2020-08-18T23:18:42.780726,estk_b64dd47a8492df912e7d4bf632563918,evt_b64dd47a8492df91,Robert Covington,NBA,25.75,23.77,6,0.31,4.5000,4.7400,6.0900,3.3700
$50 NBA Daily 8/18,2020-08-18T23:18:42.780741,estk_b64dd47a8492df91bb2265938b36951f,evt_b64dd47a8492df91,P.J. Tucker,NBA,19.39,21.38,8,0.31,3.9200,3.5300,5.4700,2.8000
$50 NBA Daily 8/18,2020-08-18T23:18:42.780745,estk_b64dd47a8492df91835e4cb9b4f65e3b,evt_b64dd47a8492df91,Jeff Green,NBA,15.46,23.17,12.5,0.31,3.9100,2.9300,5.3500,2.4000
$50 NBA Daily 8/18,2020-08-18T23:18:42.780761,estk_b64dd47a8492df91ce8e428feaa184fb,evt_b64dd47a8492df91,Dennis Schroder,NBA,25.46,16.57,-1,0.31,3.1800,4.6900,4.7000,2.2200
$50 NBA Daily 8/18,2020-08-18T23:18:42.780768,estk_b64dd47a8492df917e274b6cb95b0d20,evt_b64dd47a8492df91,Danuel House,NBA,18.5,22.52,9.75,0.31,3.0200,3.3800,4.5500,2.1500
$50 NBA Daily 8/18,2020-08-18T23:18:42.780772,estk_b64dd47a8492df919e314ab9e97d6d4e,evt_b64dd47a8492df91,Eric Gordon,NBA,17.04,19.76,8,0.31,2.9300,3.1900,4.3300,1.7200
$50 NBA Daily 8/18,2020-08-18T23:18:42.780776,estk_b64dd47a8492df91d5d16483f5148c0b,evt_b64dd47a8492df91,Darius Bazley,NBA,15.11,15.93,5.5,0.31,2.8900,2.9000,4.0200,1.4300
$50 NBA Daily 8/18,2020-08-18T23:18:42.780787,estk_b64dd47a8492df910b5bea604e9b515d,evt_b64dd47a8492df91,Nerlens Noel,NBA,18.33,12.65,0,0.31,2.4000,3.3600,3.9500,1.6000
$50 NBA Daily 8/18,2020-08-18T23:18:42.780794,estk_b64dd47a8492df91d086e77c2f7fd9b3,evt_b64dd47a8492df91,Hamidou Diallo,NBA,16.34,10.27,-1,0.31,2.1200,3.0700,3.6800,1.2100
$50 NBA Daily 8/18,2020-08-18T23:18:42.780798,estk_b64dd47a8492df9119f5682bdf2d2680,evt_b64dd47a8492df91,DeMarre Carroll,NBA,10.13,6.99,0,0.31,1.7600,2.3200,3.3700,
$50 NBA Daily 8/18,2020-08-18T23:22:45.390509,estk_b64dd47a8492df91998cf3066566c393,evt_b64dd47a8492df91,James Harden,NBA,53.04,43.32,7.25,0.32,11.2000,9.6700,12.9100,9.9900
$50 NBA Daily 8/18,2020-08-18T23:22:45.390518,estk_b64dd47a8492df914d546eba965e40a0,evt_b64dd47a8492df91,Steven Adams,NBA,33.86,37.02,14,0.32,8.5300,6.7700,10.5400,7.5700
$50 NBA Daily 8/18,2020-08-18T23:22:45.390522,estk_b64dd47a8492df9186ea8af848cca3f6,evt_b64dd47a8492df91,Chris Paul,NBA,40.85,35.03,7.25,0.32,7.2700,8.5500,8.9600,6.3200
$50 NBA Daily 8/18,2020-08-18T23:22:45.390529,estk_b64dd47a8492df916e1b2c66fb087a89,evt_b64dd47a8492df91,Danilo Gallinari,NBA,28.03,27.56,8.5,0.32,5.3700,5.2700,7.2200,4.4900
$50 NBA Daily 8/18,2020-08-18T23:22:45.390541,estk_b64dd47a8492df9133aee19dae855240,evt_b64dd47a8492df91,Shai Gilgeous-Alexander,NBA,31.57,24.97,3.5,0.32,4.6500,6.1200,6.6600,3.6300
$50 NBA Daily 8/18,2020-08-18T23:22:45.390545,estk_b64dd47a8492df912e7d4bf632563918,evt_b64dd47a8492df91,Robert Covington,NBA,25.75,23.51,6,0.32,4.3200,4.7400,5.8200,3.3700
$50 NBA Daily 8/18,2020-08-18T23:22:45.390548,estk_b64dd47a8492df91835e4cb9b4f65e3b,evt_b64dd47a8492df91,Jeff Green,NBA,15.46,23.01,12.5,0.32,4.2000,2.9300,5.3500,2.6000
$50 NBA Daily 8/18,2020-08-18T23:22:45.390563,estk_b64dd47a8492df917e274b6cb95b0d20,evt_b64dd47a8492df91,Danuel House,NBA,18.5,22.33,9.75,0.32,3.9900,3.3800,5.5800,2.1500
$50 NBA Daily 8/18,2020-08-18T23:22:45.390574,estk_b64dd47a8492df91bb2265938b36951f,evt_b64dd47a8492df91,P.J. Tucker,NBA,19.39,21.19,8,0.32,3.7500,3.5300,5.4700,2.8000
$50 NBA Daily 8/18,2020-08-18T23:22:45.390582,estk_b64dd47a8492df919e314ab9e97d6d4e,evt_b64dd47a8492df91,Eric Gordon,NBA,17.04,20.59,9,0.32,3.4000,3.1900,4.9700,1.8300
$50 NBA Daily 8/18,2020-08-18T23:22:45.390589,estk_b64dd47a8492df91ce8e428feaa184fb,evt_b64dd47a8492df91,Dennis Schroder,NBA,25.46,16.31,-1,0.32,2.8400,4.6900,4.7000,1.8800
$50 NBA Daily 8/18,2020-08-18T23:22:45.390593,estk_b64dd47a8492df91d5d16483f5148c0b,evt_b64dd47a8492df91,Darius Bazley,NBA,15.11,15.77,5.5,0.32,2.7500,2.9000,4.0200,1.4300
$50 NBA Daily 8/18,2020-08-18T23:22:45.390607,estk_b64dd47a8492df910b5bea604e9b515d,evt_b64dd47a8492df91,Nerlens Noel,NBA,18.33,12.46,0,0.32,2.2900,3.3600,3.9500,1.4400
$50 NBA Daily 8/18,2020-08-18T23:22:45.390610,estk_b64dd47a8492df91d086e77c2f7fd9b3,evt_b64dd47a8492df91,Hamidou Diallo,NBA,16.34,13.61,2.5,0.32,2.0000,3.0700,3.6800,1.1400
$50 NBA Daily 8/18,2020-08-18T23:22:45.390614,estk_b64dd47a8492df9119f5682bdf2d2680,evt_b64dd47a8492df91,DeMarre Carroll,NBA,10.13,6.89,0,0.32,1.7000,2.3200,3.3700,
$50 NBA Daily 8/18,2020-08-18T23:23:46.051538,estk_b64dd47a8492df91998cf3066566c393,evt_b64dd47a8492df91,James Harden,NBA,53.04,42.26,7.25,0.34,10.9600,9.6700,12.9100,9.9900
$50 NBA Daily 8/18,2020-08-18T23:23:46.051543,estk_b64dd47a8492df914d546eba965e40a0,evt_b64dd47a8492df91,Steven Adams,NBA,33.86,36.35,14,0.34,8.4000,6.7700,10.5400,7.2000
$50 NBA Daily 8/18,2020-08-18T23:23:46.051547,estk_b64dd47a8492df9186ea8af848cca3f6,evt_b64dd47a8492df91,Chris Paul,NBA,40.85,36.21,9.25,0.34,7.7300,8.5500,8.9600,6.3200
$50 NBA Daily 8/18,2020-08-18T23:23:46.051555,estk_b64dd47a8492df916e1b2c66fb087a89,evt_b64dd47a8492df91,Danilo Gallinari,NBA,28.03,27,8.5,0.34,5.2800,5.2700,7.2200,4.3500
$50 NBA Daily 8/18,2020-08-18T23:23:46.051566,estk_b64dd47a8492df9133aee19dae855240,evt_b64dd47a8492df91,Shai Gilgeous-Alexander,NBA,31.57,24.34,3.5,0.34,4.5900,6.1200,6.6600,3.6300
$50 NBA Daily 8/18,2020-08-18T23:23:46.051577,estk_b64dd47a8492df912e7d4bf632563918,evt_b64dd47a8492df91,Robert Covington,NBA,25.75,22.99,6,0.34,4.1800,4.7400,5.8200,3.3400
$50 NBA Daily 8/18,2020-08-18T23:23:46.051581,estk_b64dd47a8492df91835e4cb9b4f65e3b,evt_b64dd47a8492df91,Jeff Green,NBA,15.46,22.7,12.5,0.34,4.0900,2.9300,5.3500,2.6000
$50 NBA Daily 8/18,2020-08-18T23:23:46.051593,estk_b64dd47a8492df917e274b6cb95b0d20,evt_b64dd47a8492df91,Danuel House,NBA,18.5,21.96,9.75,0.34,3.9100,3.3800,5.5800,2.1500
$50 NBA Daily 8/18,2020-08-18T23:23:46.051600,estk_b64dd47a8492df91bb2265938b36951f,evt_b64dd47a8492df91,P.J. Tucker,NBA,19.39,20.8,8,0.34,3.6500,3.5300,5.4700,2.8000
$50 NBA Daily 8/18,2020-08-18T23:23:46.051604,estk_b64dd47a8492df919e314ab9e97d6d4e,evt_b64dd47a8492df91,Eric Gordon,NBA,17.04,20.75,9.5,0.34,3.5500,3.1900,4.9700,1.9800
$50 NBA Daily 8/18,2020-08-18T23:23:46.051615,estk_b64dd47a8492df91ce8e428feaa184fb,evt_b64dd47a8492df91,Dennis Schroder,NBA,25.46,15.8,-1,0.34,2.7700,4.6900,4.7000,1.8800
$50 NBA Daily 8/18,2020-08-18T23:23:46.051622,estk_b64dd47a8492df91d5d16483f5148c0b,evt_b64dd47a8492df91,Darius Bazley,NBA,15.11,16.97,7,0.34,2.6800,2.9000,4.0200,1.4300
$50 NBA Daily 8/18,2020-08-18T23:23:46.051633,estk_b64dd47a8492df91d086e77c2f7fd9b3,evt_b64dd47a8492df91,Hamidou Diallo,NBA,16.34,14.53,3.75,0.34,2.3600,3.0700,3.6800,1.1400
$50 NBA Daily 8/18,2020-08-18T23:23:46.051637,estk_b64dd47a8492df910b5bea604e9b515d,evt_b64dd47a8492df91,Nerlens Noel,NBA,18.33,12.1,0,0.34,2.2100,3.3600,3.9500,1.3500
$50 NBA Daily 8/18,2020-08-18T23:23:46.051641,estk_b64dd47a8492df9119f5682bdf2d2680,evt_b64dd47a8492df91,DeMarre Carroll,NBA,10.13,6.69,0,0.34,1.6800,2.3200,3.3700,
$50 NBA Daily 8/18,2020-08-18T23:25:47.480234,estk_b64dd47a8492df91998cf3066566c393,evt_b64dd47a8492df91,James Harden,NBA,53.04,43.45,9.5,0.36,10.6500,9.6700,12.3600,9.4800
$50 NBA Daily 8/18,2020-08-18T23:25:47.480240,estk_b64dd47a8492df914d546eba965e40a0,evt_b64dd47a8492df91,Steven Adams,NBA,33.86,36.17,14.5,0.36,8.2300,6.7700,9.8900,7.2000
$50 NBA Daily 8/18,2020-08-18T23:25:47.480244,estk_b64dd47a8492df9186ea8af848cca3f6,evt_b64dd47a8492df91,Chris Paul,NBA,40.85,35.39,9.25,0.36,8.0500,8.5500,9.7100,6.3900
$50 NBA Daily 8/18,2020-08-18T23:25:47.480259,estk_b64dd47a8492df916e1b2c66fb087a89,evt_b64dd47a8492df91,Danilo Gallinari,NBA,28.03,27.94,10,0.36,5.0700,5.2700,6.6700,4.2100
$50 NBA Daily 8/18,2020-08-18T23:25:47.480262,estk_b64dd47a8492df9133aee19dae855240,evt_b64dd47a8492df91,Shai Gilgeous-Alexander,NBA,31.57,23.7,3.5,0.36,4.3900,6.1200,5.9800,3.5300
$50 NBA Daily 8/18,2020-08-18T23:25:47.480277,estk_b64dd47a8492df912e7d4bf632563918,evt_b64dd47a8492df91,Robert Covington,NBA,25.75,22.48,6,0.36,4.1200,4.7400,5.8200,3.0500
$50 NBA Daily 8/18,2020-08-18T23:25:47.480281,estk_b64dd47a8492df91835e4cb9b4f65e3b,evt_b64dd47a8492df91,Jeff Green,NBA,15.46,22.39,12.5,0.36,3.9400,2.9300,5.3500,2.6000
$50 NBA Daily 8/18,2020-08-18T23:25:47.480292,estk_b64dd47a8492df917e274b6cb95b0d20,evt_b64dd47a8492df91,Danuel House,NBA,18.5,21.59,9.75,0.36,3.8600,3.3800,5.5800,2.3300
$50 NBA Daily 8/18,2020-08-18T23:25:47.480296,estk_b64dd47a8492df919e314ab9e97d6d4e,evt_b64dd47a8492df91,Eric Gordon,NBA,17.04,26.91,16,0.36,3.5700,3.1900,4.9700,2.0000
$50 NBA Daily 8/18,2020-08-18T23:25:47.480300,estk_b64dd47a8492df91bb2265938b36951f,evt_b64dd47a8492df91,P.J. Tucker,NBA,19.39,20.41,8,0.36,3.5300,3.5300,5.4700,2.4400
$50 NBA Daily 8/18,2020-08-18T23:25:47.480311,estk_b64dd47a8492df91d5d16483f5148c0b,evt_b64dd47a8492df91,Darius Bazley,NBA,15.11,16.67,7,0.36,2.8300,2.9000,4.0200,1.4300
$50 NBA Daily 8/18,2020-08-18T23:25:47.480318,estk_b64dd47a8492df91ce8e428feaa184fb,evt_b64dd47a8492df91,Dennis Schroder,NBA,25.46,15.29,-1,0.36,2.6600,4.6900,4.2100,1.8400
$50 NBA Daily 8/18,2020-08-18T23:25:47.480325,estk_b64dd47a8492df91d086e77c2f7fd9b3,evt_b64dd47a8492df91,Hamidou Diallo,NBA,16.34,14.21,3.75,0.36,2.5000,3.0700,3.6800,1.1400
$50 NBA Daily 8/18,2020-08-18T23:25:47.480332,estk_b64dd47a8492df910b5bea604e9b515d,evt_b64dd47a8492df91,Nerlens Noel,NBA,18.33,11.73,0,0.36,2.1700,3.3600,3.9500,1.3500
$50 NBA Daily 8/18,2020-08-18T23:25:47.480336,estk_b64dd47a8492df9119f5682bdf2d2680,evt_b64dd47a8492df91,DeMarre Carroll,NBA,10.13,6.48,0,0.36,1.6400,2.3200,3.3700,
$50 NBA Daily 8/18,2020-08-18T23:30:51.011330,estk_b64dd47a8492df91998cf3066566c393,evt_b64dd47a8492df91,James Harden,NBA,53.04,42.92,9.5,0.37,11.0900,9.6700,12.8900,9.4800
$50 NBA Daily 8/18,2020-08-18T23:30:51.011335,estk_b64dd47a8492df914d546eba965e40a0,evt_b64dd47a8492df91,Steven Adams,NBA,33.86,35.83,14.5,0.37,8.0700,6.7700,9.8900,7.0300
$50 NBA Daily 8/18,2020-08-18T23:30:51.011339,estk_b64dd47a8492df9186ea8af848cca3f6,evt_b64dd47a8492df91,Chris Paul,NBA,40.85,34.99,9.25,0.37,7.8800,8.5500,9.7100,6.3900
$50 NBA Daily 8/18,2020-08-18T23:30:51.011347,estk_b64dd47a8492df916e1b2c66fb087a89,evt_b64dd47a8492df91,Danilo Gallinari,NBA,28.03,27.66,10,0.37,5.3300,5.2700,6.6700,4.2100
$50 NBA Daily 8/18,2020-08-18T23:30:51.011358,estk_b64dd47a8492df919e314ab9e97d6d4e,evt_b64dd47a8492df91,Eric Gordon,NBA,17.04,26.74,16,0.37,4.9900,3.1900,6.5800,3.4100
$50 NBA Daily 8/18,2020-08-18T23:30:51.011366,estk_b64dd47a8492df9133aee19dae855240,evt_b64dd47a8492df91,Shai Gilgeous-Alexander,NBA,31.57,22.89,3,0.37,4.2000,6.1200,5.9800,3.3200
$50 NBA Daily 8/18,2020-08-18T23:30:51.011376,estk_b64dd47a8492df912e7d4bf632563918,evt_b64dd47a8492df91,Robert Covington,NBA,25.75,22.22,6,0.37,3.9800,4.7400,5.4500,3.0300
$50 NBA Daily 8/18,2020-08-18T23:30:51.011384,estk_b64dd47a8492df91835e4cb9b4f65e3b,evt_b64dd47a8492df91,Jeff Green,NBA,15.46,22.24,12.5,0.37,3.8400,2.9300,5.3500,2.6000
$50 NBA Daily 8/18,2020-08-18T23:30:51.011392,estk_b64dd47a8492df917e274b6cb95b0d20,evt_b64dd47a8492df91,Danuel House,NBA,18.5,21.41,9.75,0.37,3.6600,3.3800,5.5800,2.3300
$50 NBA Daily 8/18,2020-08-18T23:30:51.011396,estk_b64dd47a8492df91bb2265938b36951f,evt_b64dd47a8492df91,P.J. Tucker,NBA,19.39,20.22,8,0.37,3.4200,3.5300,4.9700,2.4400
$50 NBA Daily 8/18,2020-08-18T23:30:51.011411,estk_b64dd47a8492df91d5d16483f5148c0b,evt_b64dd47a8492df91,Darius Bazley,NBA,15.11,16.52,7,0.37,2.7500,2.9000,4.0200,1.4300
$50 NBA Daily 8/18,2020-08-18T23:30:51.011415,estk_b64dd47a8492df91ce8e428feaa184fb,evt_b64dd47a8492df91,Dennis Schroder,NBA,25.46,15.04,-1,0.37,2.5700,4.6900,4.0700,1.5800
$50 NBA Daily 8/18,2020-08-18T23:30:51.011425,estk_b64dd47a8492df91d086e77c2f7fd9b3,evt_b64dd47a8492df91,Hamidou Diallo,NBA,16.34,14.04,3.75,0.37,2.3600,3.0700,3.6800,1.1400
$50 NBA Daily 8/18,2020-08-18T23:30:51.011429,estk_b64dd47a8492df910b5bea604e9b515d,evt_b64dd47a8492df91,Nerlens Noel,NBA,18.33,11.55,0,0.37,2.0300,3.3600,3.9500,1.1300
$50 NBA Daily 8/18,2020-08-18T23:30:51.011432,estk_b64dd47a8492df9119f5682bdf2d2680,evt_b64dd47a8492df91,DeMarre Carroll,NBA,10.13,6.38,0,0.37,1.5600,2.3200,3.3700,
$50 NBA Daily 8/18,2020-08-18T23:32:52.307293,estk_b64dd47a8492df91998cf3066566c393,evt_b64dd47a8492df91,James Harden,NBA,53.04,45.63,12.75,0.38,10.9600,9.6700,12.8900,9.4800
$50 NBA Daily 8/18,2020-08-18T23:32:52.307299,estk_b64dd47a8492df914d546eba965e40a0,evt_b64dd47a8492df91,Steven Adams,NBA,33.86,35.49,14.5,0.38,8.0500,6.7700,9.8900,7.0300
$50 NBA Daily 8/18,2020-08-18T23:32:52.307302,estk_b64dd47a8492df9186ea8af848cca3f6,evt_b64dd47a8492df91,Chris Paul,NBA,40.85,34.58,9.25,0.38,7.7300,8.5500,9.7100,6.3900
$50 NBA Daily 8/18,2020-08-18T23:32:52.307310,estk_b64dd47a8492df916e1b2c66fb087a89,evt_b64dd47a8492df91,Danilo Gallinari,NBA,28.03,27.38,10,0.38,5.2900,5.2700,6.6700,4.2100
$50 NBA Daily 8/18,2020-08-18T23:32:52.307321,estk_b64dd47a8492df919e314ab9e97d6d4e,evt_b64dd47a8492df91,Eric Gordon,NBA,17.04,26.56,16,0.38,4.9500,3.1900,6.5800,3.4100
$50 NBA Daily 8/18,2020-08-18T23:32:52.307336,estk_b64dd47a8492df9133aee19dae855240,evt_b64dd47a8492df91,Shai Gilgeous-Alexander,NBA,31.57,25.82,6.25,0.38,4.0200,6.1200,5.9800,3.0700
$50 NBA Daily 8/18,2020-08-18T23:32:52.307346,estk_b64dd47a8492df912e7d4bf632563918,evt_b64dd47a8492df91,Robert Covington,NBA,25.75,21.96,6,0.38,3.8600,4.7400,5.4500,2.9200
$50 NBA Daily 8/18,2020-08-18T23:32:52.307350,estk_b64dd47a8492df91835e4cb9b4f65e3b,evt_b64dd47a8492df91,Jeff Green,NBA,15.46,22.09,12.5,0.38,3.8300,2.9300,5.3500,2.6000
$50 NBA Daily 8/18,2020-08-18T23:32:52.307354,estk_b64dd47a8492df917e274b6cb95b0d20,evt_b64dd47a8492df91,Danuel House,NBA,18.5,21.22,9.75,0.38,3.6800,3.3800,5.5800,2.3300
$50 NBA Daily 8/18,2020-08-18T23:32:52.307362,estk_b64dd47a8492df91bb2265938b36951f,evt_b64dd47a8492df91,P.J. Tucker,NBA,19.39,21.52,9.5,0.38,3.4000,3.5300,4.9700,2.4400
$50 NBA Daily 8/18,2020-08-18T23:32:52.307373,estk_b64dd47a8492df91d5d16483f5148c0b,evt_b64dd47a8492df91,Darius Bazley,NBA,15.11,16.37,7,0.38,2.7300,2.9000,4.0200,1.4300
$50 NBA Daily 8/18,2020-08-18T23:32:52.307380,estk_b64dd47a8492df91ce8e428feaa184fb,evt_b64dd47a8492df91,Dennis Schroder,NBA,25.46,14.79,-1,0.38,2.5000,4.6900,4.0700,1.5800
$50 NBA Daily 8/18,2020-08-18T23:32:52.307387,estk_b64dd47a8492df91d086e77c2f7fd9b3,evt_b64dd47a8492df91,Hamidou Diallo,NBA,16.34,13.88,3.75,0.38,2.3700,3.0700,3.6800,1.1400
$50 NBA Daily 8/18,2020-08-18T23:32:52.307391,estk_b64dd47a8492df910b5bea604e9b515d,evt_b64dd47a8492df91,Nerlens Noel,NBA,18.33,11.36,0,0.38,2.0300,3.3600,3.9500,1.1300
$50 NBA Daily 8/18,2020-08-18T23:32:52.307394,estk_b64dd47a8492df9119f5682bdf2d2680,evt_b64dd47a8492df91,DeMarre Carroll,NBA,10.13,6.28,0,0.38,1.5800,2.3200,3.3700,
$50 NBA Daily 8/18,2020-08-18T23:33:52.985439,estk_b64dd47a8492df91998cf3066566c393,evt_b64dd47a8492df91,James Harden,NBA,53.04,47.1,14.75,0.39,11.9300,9.6700,13.6700,9.4800
$50 NBA Daily 8/18,2020-08-18T23:33:52.985447,estk_b64dd47a8492df914d546eba965e40a0,evt_b64dd47a8492df91,Steven Adams,NBA,33.86,35.15,14.5,0.39,7.7900,6.7700,9.8900,6.7300
$50 NBA Daily 8/18,2020-08-18T23:33:52.985452,estk_b64dd47a8492df9186ea8af848cca3f6,evt_b64dd47a8492df91,Chris Paul,NBA,40.85,34.17,9.25,0.39,7.3800,8.5500,9.0300,6.3900
$50 NBA Daily 8/18,2020-08-18T23:33:52.985467,estk_b64dd47a8492df916e1b2c66fb087a89,evt_b64dd47a8492df91,Danilo Gallinari,NBA,28.03,30.6,13.5,0.39,5.0500,5.2700,6.6700,4.1900
$50 NBA Daily 8/18,2020-08-18T23:33:52.985470,estk_b64dd47a8492df919e314ab9e97d6d4e,evt_b64dd47a8492df91,Eric Gordon,NBA,17.04,26.39,16,0.39,4.9000,3.1900,6.5800,3.4100
$50 NBA Daily 8/18,2020-08-18T23:33:52.985474,estk_b64dd47a8492df9133aee19dae855240,evt_b64dd47a8492df91,Shai Gilgeous-Alexander,NBA,31.57,25.51,6.25,0.39,4.7400,6.1200,5.9800,3.1500
$50 NBA Daily 8/18,2020-08-18T23:33:52.985497,estk_b64dd47a8492df912e7d4bf632563918,evt_b64dd47a8492df91,Robert Covington,NBA,25.75,21.71,6,0.39,3.7600,4.7400,5.4500,2.9200
$50 NBA Daily 8/18,2020-08-18T23:33:52.985500,estk_b64dd47a8492df91835e4cb9b4f65e3b,evt_b64dd47a8492df91,Jeff Green,NBA,15.46,21.93,12.5,0.39,3.7600,2.9300,5.3500,2.6000
$50 NBA Daily 8/18,2020-08-18T23:33:52.985505,estk_b64dd47a8492df91bb2265938b36951f,evt_b64dd47a8492df91,P.J. Tucker,NBA,19.39,21.33,9.5,0.39,3.6500,3.5300,4.9700,2.4400
$50 NBA Daily 8/18,2020-08-18T23:33:52.985509,estk_b64dd47a8492df917e274b6cb95b0d20,evt_b64dd47a8492df91,Danuel House,NBA,18.5,21.04,9.75,0.39,3.5700,3.3800,5.5800,2.3300
$50 NBA Daily 8/18,2020-08-18T23:33:52.985523,estk_b64dd47a8492df91d5d16483f5148c0b,evt_b64dd47a8492df91,Darius Bazley,NBA,15.11,16.22,7,0.39,2.7000,2.9000,4.0200,1.4300
$50 NBA Daily 8/18,2020-08-18T23:33:52.985534,estk_b64dd47a8492df91ce8e428feaa184fb,evt_b64dd47a8492df91,Dennis Schroder,NBA,25.46,16.03,0.5,0.39,2.4200,4.6900,4.0700,1.5800
$50 NBA Daily 8/18,2020-08-18T23:33:52.985537,estk_b64dd47a8492df91d086e77c2f7fd9b3,evt_b64dd47a8492df91,Hamidou Diallo,NBA,16.34,13.72,3.75,0.39,2.3000,3.0700,3.6800,1.1400
$50 NBA Daily 8/18,2020-08-18T23:33:52.985541,estk_b64dd47a8492df910b5bea604e9b515d,evt_b64dd47a8492df91,Nerlens Noel,NBA,18.33,11.18,0,0.39,1.9800,3.3600,3.9500,1.1300
$50 NBA Daily 8/18,2020-08-18T23:33:52.985545,estk_b64dd47a8492df9119f5682bdf2d2680,evt_b64dd47a8492df91,DeMarre Carroll,NBA,10.13,6.18,0,0.39,1.5400,2.3200,3.3700,
$50 NBA Daily 8/18,2020-08-18T23:34:53.663721,estk_b64dd47a8492df91998cf3066566c393,evt_b64dd47a8492df91,James Harden,NBA,53.04,49.54,18.25,0.41,12.7000,9.6700,14.4500,10.9500
$50 NBA Daily 8/18,2020-08-18T23:34:53.663734,estk_b64dd47a8492df914d546eba965e40a0,evt_b64dd47a8492df91,Steven Adams,NBA,33.86,34.48,14.5,0.41,7.6600,6.7700,9.3100,6.7300
$50 NBA Daily 8/18,2020-08-18T23:34:53.663738,estk_b64dd47a8492df9186ea8af848cca3f6,evt_b64dd47a8492df91,Chris Paul,NBA,40.85,33.35,9.25,0.41,7.3300,8.5500,9.0300,6.3900
$50 NBA Daily 8/18,2020-08-18T23:34:53.663745,estk_b64dd47a8492df916e1b2c66fb087a89,evt_b64dd47a8492df91,Danilo Gallinari,NBA,28.03,30.04,13.5,0.41,6.0300,5.2700,7.6500,4.1900
$50 NBA Daily 8/18,2020-08-18T23:34:53.663757,estk_b64dd47a8492df919e314ab9e97d6d4e,evt_b64dd47a8492df91,Eric Gordon,NBA,17.04,26.05,16,0.41,4.7800,3.1900,6.5800,3.4100
$50 NBA Daily 8/18,2020-08-18T23:34:53.663760,estk_b64dd47a8492df9133aee19dae855240,evt_b64dd47a8492df91,Shai Gilgeous-Alexander,NBA,31.57,24.88,6.25,0.41,4.5700,6.1200,5.9800,3.1500
$50 NBA Daily 8/18,2020-08-18T23:34:53.663782,estk_b64dd47a8492df91835e4cb9b4f65e3b,evt_b64dd47a8492df91,Jeff Green,NBA,15.46,21.62,12.5,0.41,3.6900,2.9300,5.3500,2.6000
$50 NBA Daily 8/18,2020-08-18T23:34:53.663786,estk_b64dd47a8492df912e7d4bf632563918,evt_b64dd47a8492df91,Robert Covington,NBA,25.75,21.19,6,0.41,3.6600,4.7400,5.2300,2.6800
$50 NBA Daily 8/18,2020-08-18T23:34:53.663789,estk_b64dd47a8492df91bb2265938b36951f,evt_b64dd47a8492df91,P.J. Tucker,NBA,19.39,24.44,13,0.41,3.5100,3.5300,4.9700,2.4400
$50 NBA Daily 8/18,2020-08-18T23:34:53.663794,estk_b64dd47a8492df917e274b6cb95b0d20,evt_b64dd47a8492df91,Danuel House,NBA,18.5,20.66,9.75,0.41,3.4900,3.3800,5.0600,2.3300
$50 NBA Daily 8/18,2020-08-18T23:34:53.663808,estk_b64dd47a8492df91d5d16483f5148c0b,evt_b64dd47a8492df91,Darius Bazley,NBA,15.11,15.91,7,0.41,2.5900,2.9000,4.0200,1.4300
$50 NBA Daily 8/18,2020-08-18T23:34:53.663811,estk_b64dd47a8492df91ce8e428feaa184fb,evt_b64dd47a8492df91,Dennis Schroder,NBA,25.46,15.02,0,0.41,2.5500,4.6900,4.0700,1.5800
$50 NBA Daily 8/18,2020-08-18T23:34:53.663822,estk_b64dd47a8492df91d086e77c2f7fd9b3,evt_b64dd47a8492df91,Hamidou Diallo,NBA,16.34,13.39,3.75,0.41,2.2300,3.0700,3.6800,1.1400
$50 NBA Daily 8/18,2020-08-18T23:34:53.663826,estk_b64dd47a8492df910b5bea604e9b515d,evt_b64dd47a8492df91,Nerlens Noel,NBA,18.33,10.81,0,0.41,1.9400,3.3600,3.9500,1.1300
$50 NBA Daily 8/18,2020-08-18T23:34:53.663829,estk_b64dd47a8492df9119f5682bdf2d2680,evt_b64dd47a8492df91,DeMarre Carroll,NBA,10.13,5.98,0,0.41,1.5300,2.3200,3.3700,
$50 NBA Daily 8/18,2020-08-18T23:37:25.295181,estk_b64dd47a8492df91998cf3066566c393,evt_b64dd47a8492df91,James Harden,NBA,53.04,49.01,18.25,0.42,13.5500,9.6700,15.3800,11.9000
$50 NBA Daily 8/18,2020-08-18T23:37:25.295198,estk_b64dd47a8492df914d546eba965e40a0,evt_b64dd47a8492df91,Steven Adams,NBA,33.86,34.14,14.5,0.42,7.1300,6.7700,9.3100,6.1300
$50 NBA Daily 8/18,2020-08-18T23:37:25.295206,estk_b64dd47a8492df9186ea8af848cca3f6,evt_b64dd47a8492df91,Chris Paul,NBA,40.85,32.94,9.25,0.42,6.7900,8.5500,9.0300,6.0400
$50 NBA Daily 8/18,2020-08-18T23:37:25.295210,estk_b64dd47a8492df916e1b2c66fb087a89,evt_b64dd47a8492df91,Danilo Gallinari,NBA,28.03,31.76,15.5,0.42,6.3800,5.2700,7.6500,4.2300
$50 NBA Daily 8/18,2020-08-18T23:37:25.295221,estk_b64dd47a8492df919e314ab9e97d6d4e,evt_b64dd47a8492df91,Eric Gordon,NBA,17.04,25.88,16,0.42,4.5400,3.1900,6.5800,3.4100
$50 NBA Daily 8/18,2020-08-18T23:37:25.295225,estk_b64dd47a8492df91835e4cb9b4f65e3b,evt_b64dd47a8492df91,Jeff Green,NBA,15.46,24.97,16,0.42,4.3900,2.9300,5.3500,2.6000
$50 NBA Daily 8/18,2020-08-18T23:37:25.295238,estk_b64dd47a8492df9133aee19dae855240,evt_b64dd47a8492df91,Shai Gilgeous-Alexander,NBA,31.57,24.56,6.25,0.42,4.2100,6.1200,5.9800,3.1500
$50 NBA Daily 8/18,2020-08-18T23:37:25.295245,estk_b64dd47a8492df91bb2265938b36951f,evt_b64dd47a8492df91,P.J. Tucker,NBA,19.39,24.25,13,0.42,4.1000,5.8400,5.8400,2.6800
$50 NBA Daily 8/18,2020-08-18T23:37:25.295260,estk_b64dd47a8492df912e7d4bf632563918,evt_b64dd47a8492df91,Robert Covington,NBA,25.75,22.44,7.5,0.42,3.7700,4.7400,5.2300,2.6600
$50 NBA Daily 8/18,2020-08-18T23:37:25.295267,estk_b64dd47a8492df917e274b6cb95b0d20,evt_b64dd47a8492df91,Danuel House,NBA,18.5,20.48,9.75,0.42,3.3200,3.3800,5.0600,2.3300
$50 NBA Daily 8/18,2020-08-18T23:37:25.295282,estk_b64dd47a8492df91d5d16483f5148c0b,evt_b64dd47a8492df91,Darius Bazley,NBA,15.11,15.76,7,0.42,2.4500,2.9000,4.0200,1.4300
$50 NBA Daily 8/18,2020-08-18T23:37:25.295289,estk_b64dd47a8492df91ce8e428feaa184fb,evt_b64dd47a8492df91,Dennis Schroder,NBA,25.46,14.77,0,0.42,2.3300,4.6900,4.0700,1.2800
$50 NBA Daily 8/18,2020-08-18T23:37:25.295292,estk_b64dd47a8492df91d086e77c2f7fd9b3,evt_b64dd47a8492df91,Hamidou Diallo,NBA,16.34,13.23,3.75,0.42,2.1300,3.0700,3.6800,1.1400
$50 NBA Daily 8/18,2020-08-18T23:37:25.295296,estk_b64dd47a8492df910b5bea604e9b515d,evt_b64dd47a8492df91,Nerlens Noel,NBA,18.33,10.63,0,0.42,1.8200,3.3600,3.4100,
$50 NBA Daily 8/18,2020-08-18T23:37:25.295300,estk_b64dd47a8492df9119f5682bdf2d2680,evt_b64dd47a8492df91,DeMarre Carroll,NBA,10.13,5.88,0,0.42,1.4800,2.3200,3.3700,
$50 NBA Daily 8/18,2020-08-18T23:40:27.255719,estk_b64dd47a8492df91998cf3066566c393,evt_b64dd47a8492df91,James Harden,NBA,53.04,46.92,17.75,0.45,13.4400,9.6700,15.3800,11.9000
$50 NBA Daily 8/18,2020-08-18T23:40:27.255736,estk_b64dd47a8492df914d546eba965e40a0,evt_b64dd47a8492df91,Steven Adams,NBA,33.86,34.62,16,0.45,7.2000,6.7700,8.7700,6.1300
$50 NBA Daily 8/18,2020-08-18T23:40:27.255744,estk_b64dd47a8492df9186ea8af848cca3f6,evt_b64dd47a8492df91,Chris Paul,NBA,40.85,36.47,14,0.45,6.8800,8.5500,8.4300,5.7300
$50 NBA Daily 8/18,2020-08-18T23:40:27.255747,estk_b64dd47a8492df916e1b2c66fb087a89,evt_b64dd47a8492df91,Danilo Gallinari,NBA,28.03,30.42,15,0.45,6.3300,5.2700,7.6500,4.2300
$50 NBA Daily 8/18,2020-08-18T23:40:27.255758,estk_b64dd47a8492df919e314ab9e97d6d4e,evt_b64dd47a8492df91,Eric Gordon,NBA,17.04,24.87,15.5,0.45,4.5500,3.1900,6.5800,3.4100
$50 NBA Daily 8/18,2020-08-18T23:40:27.255762,estk_b64dd47a8492df91835e4cb9b4f65e3b,evt_b64dd47a8492df91,Jeff Green,NBA,15.46,23.5,15,0.45,4.4000,2.9300,5.9800,2.8000
$50 NBA Daily 8/18,2020-08-18T23:40:27.255767,estk_b64dd47a8492df9133aee19dae855240,evt_b64dd47a8492df91,Shai Gilgeous-Alexander,NBA,31.57,24.86,7.5,0.45,4.2500,6.1200,5.9800,3.1500
$50 NBA Daily 8/18,2020-08-18T23:40:27.255778,estk_b64dd47a8492df91bb2265938b36951f,evt_b64dd47a8492df91,P.J. Tucker,NBA,19.39,23.66,13,0.45,4.1200,5.8400,5.8400,2.6800
$50 NBA Daily 8/18,2020-08-18T23:40:27.255792,estk_b64dd47a8492df912e7d4bf632563918,evt_b64dd47a8492df91,Robert Covington,NBA,25.75,22.91,8.75,0.45,3.7200,4.7400,5.2300,2.6600
$50 NBA Daily 8/18,2020-08-18T23:40:27.255799,estk_b64dd47a8492df917e274b6cb95b0d20,evt_b64dd47a8492df91,Danuel House,NBA,18.5,19.93,9.75,0.45,3.3300,3.3800,5.0600,2.3300
$50 NBA Daily 8/18,2020-08-18T23:40:27.255814,estk_b64dd47a8492df91d5d16483f5148c0b,evt_b64dd47a8492df91,Darius Bazley,NBA,15.11,15.31,7,0.45,2.4800,2.9000,4.0200,1.4300
$50 NBA Daily 8/18,2020-08-18T23:40:27.255821,estk_b64dd47a8492df91ce8e428feaa184fb,evt_b64dd47a8492df91,Dennis Schroder,NBA,25.46,14,0,0.45,2.3200,4.6900,4.0700,1.2800
$50 NBA Daily 8/18,2020-08-18T23:40:27.255825,estk_b64dd47a8492df91d086e77c2f7fd9b3,evt_b64dd47a8492df91,Hamidou Diallo,NBA,16.34,12.74,3.75,0.45,2.1500,3.0700,3.6800,1.1400
$50 NBA Daily 8/18,2020-08-18T23:40:27.255829,estk_b64dd47a8492df910b5bea604e9b515d,evt_b64dd47a8492df91,Nerlens Noel,NBA,18.33,10.08,0,0.45,1.8300,3.3600,3.4100,
$50 NBA Daily 8/18,2020-08-18T23:40:27.255833,estk_b64dd47a8492df9119f5682bdf2d2680,evt_b64dd47a8492df91,DeMarre Carroll,NBA,10.13,5.57,0,0.45,1.4500,2.3200,3.3700,
$50 NBA Daily 8/18,2020-08-18T23:41:27.930974,estk_b64dd47a8492df91998cf3066566c393,evt_b64dd47a8492df91,James Harden,NBA,53.04,46.39,17.75,0.46,12.4200,9.6700,14.1400,11.7800
$50 NBA Daily 8/18,2020-08-18T23:41:27.930987,estk_b64dd47a8492df9186ea8af848cca3f6,evt_b64dd47a8492df91,Chris Paul,NBA,40.85,37.56,15.5,0.46,8.5500,8.5500,10.2200,5.6800
$50 NBA Daily 8/18,2020-08-18T23:41:27.930991,estk_b64dd47a8492df914d546eba965e40a0,evt_b64dd47a8492df91,Steven Adams,NBA,33.86,34.28,16,0.46,7.3400,6.7700,8.7700,6.1300
$50 NBA Daily 8/18,2020-08-18T23:41:27.930998,estk_b64dd47a8492df916e1b2c66fb087a89,evt_b64dd47a8492df91,Danilo Gallinari,NBA,28.03,30.14,15,0.46,5.7600,5.2700,7.6500,4.2300
$50 NBA Daily 8/18,2020-08-18T23:41:27.931013,estk_b64dd47a8492df919e314ab9e97d6d4e,evt_b64dd47a8492df91,Eric Gordon,NBA,17.04,24.7,15.5,0.46,4.2400,3.1900,6.5800,3.3500
$50 NBA Daily 8/18,2020-08-18T23:41:27.931017,estk_b64dd47a8492df9133aee19dae855240,evt_b64dd47a8492df91,Shai Gilgeous-Alexander,NBA,31.57,24.55,7.5,0.46,4.2300,6.1200,5.9800,3.1500
$50 NBA Daily 8/18,2020-08-18T23:41:27.931028,estk_b64dd47a8492df91835e4cb9b4f65e3b,evt_b64dd47a8492df91,Jeff Green,NBA,15.46,23.35,15,0.46,3.9500,2.9300,5.9800,2.8000
$50 NBA Daily 8/18,2020-08-18T23:41:27.931039,estk_b64dd47a8492df91bb2265938b36951f,evt_b64dd47a8492df91,P.J. Tucker,NBA,19.39,23.47,13,0.46,3.8700,5.8400,5.8400,2.6800
$50 NBA Daily 8/18,2020-08-18T23:41:27.931042,estk_b64dd47a8492df912e7d4bf632563918,evt_b64dd47a8492df91,Robert Covington,NBA,25.75,22.66,8.75,0.46,3.7400,4.7400,5.2300,2.6600
$50 NBA Daily 8/18,2020-08-18T23:41:27.931050,estk_b64dd47a8492df917e274b6cb95b0d20,evt_b64dd47a8492df91,Danuel House,NBA,18.5,19.74,9.75,0.46,3.1600,3.3800,5.0600,2.2800
$50 NBA Daily 8/18,2020-08-18T23:41:27.931068,estk_b64dd47a8492df91ce8e428feaa184fb,evt_b64dd47a8492df91,Dennis Schroder,NBA,25.46,15.75,2,0.46,2.4200,4.6900,4.0700,1.2800
$50 NBA Daily 8/18,2020-08-18T23:41:27.931071,estk_b64dd47a8492df91d5d16483f5148c0b,evt_b64dd47a8492df91,Darius Bazley,NBA,15.11,15.16,7,0.46,2.3500,2.9000,4.0200,1.4300
$50 NBA Daily 8/18,2020-08-18T23:41:27.931075,estk_b64dd47a8492df91d086e77c2f7fd9b3,evt_b64dd47a8492df91,Hamidou Diallo,NBA,16.34,12.57,3.75,0.46,2.0100,3.0700,3.6800,1.1400
$50 NBA Daily 8/18,2020-08-18T23:41:27.931079,estk_b64dd47a8492df910b5bea604e9b515d,evt_b64dd47a8492df91,Nerlens Noel,NBA,18.33,9.9,0,0.46,1.7200,3.3600,3.4100,
$50 NBA Daily 8/18,2020-08-18T23:41:27.931083,estk_b64dd47a8492df9119f5682bdf2d2680,evt_b64dd47a8492df91,DeMarre Carroll,NBA,10.13,5.47,0,0.46,1.4000,2.3200,3.3700,
$50 NBA Daily 8/18,2020-08-18T23:41:58.255718,estk_b64dd47a8492df91998cf3066566c393,evt_b64dd47a8492df91,James Harden,NBA,53.04,45.36,17.25,0.47,12.4200,9.6700,14.1400,10.6700
$50 NBA Daily 8/18,2020-08-18T23:41:58.255731,estk_b64dd47a8492df9186ea8af848cca3f6,evt_b64dd47a8492df91,Chris Paul,NBA,40.85,40.4,18.75,0.47,8.5500,8.5500,10.2200,6.8800
$50 NBA Daily 8/18,2020-08-18T23:41:58.255734,estk_b64dd47a8492df914d546eba965e40a0,evt_b64dd47a8492df91,Steven Adams,NBA,33.86,33.95,16,0.47,7.3400,6.7700,8.7700,6.1300
$50 NBA Daily 8/18,2020-08-18T23:41:58.255741,estk_b64dd47a8492df916e1b2c66fb087a89,evt_b64dd47a8492df91,Danilo Gallinari,NBA,28.03,29.86,15,0.47,5.7600,5.2700,7.6500,4.2300
$50 NBA Daily 8/18,2020-08-18T23:41:58.255756,estk_b64dd47a8492df919e314ab9e97d6d4e,evt_b64dd47a8492df91,Eric Gordon,NBA,17.04,24.53,15.5,0.47,4.2400,3.1900,5.8100,3.3500
$50 NBA Daily 8/18,2020-08-18T23:41:58.255760,estk_b64dd47a8492df9133aee19dae855240,evt_b64dd47a8492df91,Shai Gilgeous-Alexander,NBA,31.57,24.23,7.5,0.47,4.2300,6.1200,5.9800,3.1500
$50 NBA Daily 8/18,2020-08-18T23:41:58.255771,estk_b64dd47a8492df91835e4cb9b4f65e3b,evt_b64dd47a8492df91,Jeff Green,NBA,15.46,23.19,15,0.47,3.9500,2.9300,5.9800,2.8000
$50 NBA Daily 8/18,2020-08-18T23:41:58.255782,estk_b64dd47a8492df91bb2265938b36951f,evt_b64dd47a8492df91,P.J. Tucker,NBA,19.39,23.28,13,0.47,3.8700,5.8400,5.8400,2.6800
$50 NBA Daily 8/18,2020-08-18T23:41:58.255785,estk_b64dd47a8492df912e7d4bf632563918,evt_b64dd47a8492df91,Robert Covington,NBA,25.75,22.4,8.75,0.47,3.7400,4.7400,5.2300,2.6600
$50 NBA Daily 8/18,2020-08-18T23:41:58.255793,estk_b64dd47a8492df917e274b6cb95b0d20,evt_b64dd47a8492df91,Danuel House,NBA,18.5,19.55,9.75,0.47,3.1600,3.3800,5.0600,2.2800
$50 NBA Daily 8/18,2020-08-18T23:41:58.255811,estk_b64dd47a8492df91ce8e428feaa184fb,evt_b64dd47a8492df91,Dennis Schroder,NBA,25.46,15.49,2,0.47,2.4200,4.6900,4.0700,1.2800
$50 NBA Daily 8/18,2020-08-18T23:41:58.255814,estk_b64dd47a8492df91d5d16483f5148c0b,evt_b64dd47a8492df91,Darius Bazley,NBA,15.11,15.01,7,0.47,2.3500,2.9000,4.0200,1.4300
$50 NBA Daily 8/18,2020-08-18T23:41:58.255818,estk_b64dd47a8492df91d086e77c2f7fd9b3,evt_b64dd47a8492df91,Hamidou Diallo,NBA,16.34,12.41,3.75,0.47,2.0100,3.0700,3.6800,1.1400
$50 NBA Daily 8/18,2020-08-18T23:41:58.255822,estk_b64dd47a8492df910b5bea604e9b515d,evt_b64dd47a8492df91,Nerlens Noel,NBA,18.33,9.71,0,0.47,1.7200,3.3600,3.4100,
$50 NBA Daily 8/18,2020-08-18T23:41:58.255826,estk_b64dd47a8492df9119f5682bdf2d2680,evt_b64dd47a8492df91,DeMarre Carroll,NBA,10.13,5.37,0,0.47,1.4000,2.3200,3.3700,
$50 NBA Daily 8/18,2020-08-18T23:45:00.423070,estk_b64dd47a8492df91998cf3066566c393,evt_b64dd47a8492df91,James Harden,NBA,53.04,45.05,18,0.49,11.9100,9.6700,13.6500,10.6700
$50 NBA Daily 8/18,2020-08-18T23:45:00.423078,estk_b64dd47a8492df9186ea8af848cca3f6,evt_b64dd47a8492df91,Chris Paul,NBA,40.85,39.08,18.25,0.49,9.6500,8.5500,11.4800,8.0800
$50 NBA Daily 8/18,2020-08-18T23:45:00.423083,estk_b64dd47a8492df914d546eba965e40a0,evt_b64dd47a8492df91,Steven Adams,NBA,33.86,34.27,17,0.49,7.1200,6.7700,8.7700,6.1300
$50 NBA Daily 8/18,2020-08-18T23:45:00.423090,estk_b64dd47a8492df916e1b2c66fb087a89,evt_b64dd47a8492df91,Danilo Gallinari,NBA,28.03,32.3,18,0.49,6.3300,5.2700,7.6500,4.7600
$50 NBA Daily 8/18,2020-08-18T23:45:00.423101,estk_b64dd47a8492df919e314ab9e97d6d4e,evt_b64dd47a8492df91,Eric Gordon,NBA,17.04,27.44,18.75,0.49,4.7000,3.1900,5.8100,3.3000
$50 NBA Daily 8/18,2020-08-18T23:45:00.423116,estk_b64dd47a8492df9133aee19dae855240,evt_b64dd47a8492df91,Shai Gilgeous-Alexander,NBA,31.57,23.6,7.5,0.49,4.0000,6.1200,5.9800,3.1500
$50 NBA Daily 8/18,2020-08-18T23:45:00.423122,estk_b64dd47a8492df91835e4cb9b4f65e3b,evt_b64dd47a8492df91,Jeff Green,NBA,15.46,26.38,18.5,0.49,3.8400,2.9300,5.4600,2.8000
$50 NBA Daily 8/18,2020-08-18T23:45:00.423127,estk_b64dd47a8492df91bb2265938b36951f,evt_b64dd47a8492df91,P.J. Tucker,NBA,19.39,22.89,13,0.49,3.8300,5.8400,5.8400,2.6800
$50 NBA Daily 8/18,2020-08-18T23:45:00.423134,estk_b64dd47a8492df912e7d4bf632563918,evt_b64dd47a8492df91,Robert Covington,NBA,25.75,21.88,8.75,0.49,3.5900,4.7400,5.2300,2.6600
$50 NBA Daily 8/18,2020-08-18T23:45:00.423146,estk_b64dd47a8492df917e274b6cb95b0d20,evt_b64dd47a8492df91,Danuel House,NBA,18.5,19.19,9.75,0.49,3.0600,3.3800,5.0600,2.1500
$50 NBA Daily 8/18,2020-08-18T23:45:00.423160,estk_b64dd47a8492df91ce8e428feaa184fb,evt_b64dd47a8492df91,Dennis Schroder,NBA,25.46,14.98,2,0.49,2.3300,4.6900,4.0700,1.2800
$50 NBA Daily 8/18,2020-08-18T23:45:00.423164,estk_b64dd47a8492df91d5d16483f5148c0b,evt_b64dd47a8492df91,Darius Bazley,NBA,15.11,14.71,7,0.49,2.2800,2.9000,4.0200,1.4300
$50 NBA Daily 8/18,2020-08-18T23:45:00.423168,estk_b64dd47a8492df91d086e77c2f7fd9b3,evt_b64dd47a8492df91,Hamidou Diallo,NBA,16.34,12.08,3.75,0.49,1.9700,3.0700,3.6800,1.1400
$50 NBA Daily 8/18,2020-08-18T23:45:00.423171,estk_b64dd47a8492df910b5bea604e9b515d,evt_b64dd47a8492df91,Nerlens Noel,NBA,18.33,9.35,0,0.49,1.6900,3.3600,3.4100,
$50 NBA Daily 8/18,2020-08-18T23:45:00.423175,estk_b64dd47a8492df9119f5682bdf2d2680,evt_b64dd47a8492df91,DeMarre Carroll,NBA,10.13,5.17,0,0.49,1.3800,2.3200,3.3700,
$50 NBA Daily 8/18,2020-08-18T23:46:01.054916,estk_b64dd47a8492df91998cf3066566c393,evt_b64dd47a8492df91,James Harden,NBA,53.04,47.52,21,0.5,11.9100,9.6700,13.6500,10.6700
$50 NBA Daily 8/18,2020-08-18T23:46:01.054925,estk_b64dd47a8492df9186ea8af848cca3f6,evt_b64dd47a8492df91,Chris Paul,NBA,40.85,38.67,18.25,0.5,9.6500,8.5500,11.4800,8.0800
$50 NBA Daily 8/18,2020-08-18T23:46:01.054929,estk_b64dd47a8492df914d546eba965e40a0,evt_b64dd47a8492df91,Steven Adams,NBA,33.86,33.93,17,0.5,7.1200,6.7700,8.7700,6.1300
$50 NBA Daily 8/18,2020-08-18T23:46:01.054937,estk_b64dd47a8492df916e1b2c66fb087a89,evt_b64dd47a8492df91,Danilo Gallinari,NBA,28.03,34.02,20,0.5,6.3300,5.2700,7.6500,4.7600
$50 NBA Daily 8/18,2020-08-18T23:46:01.054949,estk_b64dd47a8492df919e314ab9e97d6d4e,evt_b64dd47a8492df91,Eric Gordon,NBA,17.04,29.27,20.75,0.5,4.7000,3.1900,5.8100,3.3000
$50 NBA Daily 8/18,2020-08-18T23:46:01.054963,estk_b64dd47a8492df9133aee19dae855240,evt_b64dd47a8492df91,Shai Gilgeous-Alexander,NBA,31.57,23.29,7.5,0.5,4.0000,6.1200,5.9800,3.1500
$50 NBA Daily 8/18,2020-08-18T23:46:01.054971,estk_b64dd47a8492df91835e4cb9b4f65e3b,evt_b64dd47a8492df91,Jeff Green,NBA,15.46,27.73,20,0.5,3.8400,2.9300,5.4600,2.8000
$50 NBA Daily 8/18,2020-08-18T23:46:01.054975,estk_b64dd47a8492df91bb2265938b36951f,evt_b64dd47a8492df91,P.J. Tucker,NBA,19.39,22.7,13,0.5,3.8300,5.8400,5.8400,2.6800
$50 NBA Daily 8/18,2020-08-18T23:46:01.054982,estk_b64dd47a8492df912e7d4bf632563918,evt_b64dd47a8492df91,Robert Covington,NBA,25.75,21.63,8.75,0.5,3.5900,4.7400,5.2300,2.6600
$50 NBA Daily 8/18,2020-08-18T23:46:01.054994,estk_b64dd47a8492df917e274b6cb95b0d20,evt_b64dd47a8492df91,Danuel House,NBA,18.5,19,9.75,0.5,3.0600,3.3800,5.0600,2.1500
$50 NBA Daily 8/18,2020-08-18T23:46:01.055008,estk_b64dd47a8492df91ce8e428feaa184fb,evt_b64dd47a8492df91,Dennis Schroder,NBA,25.46,16.23,3.5,0.5,2.3300,4.6900,4.0700,1.2800
$50 NBA Daily 8/18,2020-08-18T23:46:01.055012,estk_b64dd47a8492df91d5d16483f5148c0b,evt_b64dd47a8492df91,Darius Bazley,NBA,15.11,14.55,7,0.5,2.2800,2.9000,4.0200,1.4300
$50 NBA Daily 8/18,2020-08-18T23:46:01.055015,estk_b64dd47a8492df91d086e77c2f7fd9b3,evt_b64dd47a8492df91,Hamidou Diallo,NBA,16.34,11.92,3.75,0.5,1.9700,3.0700,3.6800,1.1400
$50 NBA Daily 8/18,2020-08-18T23:46:01.055019,estk_b64dd47a8492df910b5bea604e9b515d,evt_b64dd47a8492df91,Nerlens Noel,NBA,18.33,9.16,0,0.5,1.6900,3.3600,3.4100,
$50 NBA Daily 8/18,2020-08-18T23:46:01.055023,estk_b64dd47a8492df9119f5682bdf2d2680,evt_b64dd47a8492df91,DeMarre Carroll,NBA,10.13,5.07,0,0.5,1.3800,2.3200,3.3700,
$50 NBA Daily 8/18,2020-08-19T00:04:13.371661,estk_b64dd47a8492df91998cf3066566c393,evt_b64dd47a8492df91,James Harden,NBA,53.04,47.99,22,0.51,13.2000,9.6700,14.5700,11.0500
$50 NBA Daily 8/18,2020-08-19T00:04:13.371679,estk_b64dd47a8492df9186ea8af848cca3f6,evt_b64dd47a8492df91,Chris Paul,NBA,40.85,39.77,19.75,0.51,8.7500,8.5500,10.4900,7.1600
$50 NBA Daily 8/18,2020-08-19T00:04:13.371683,estk_b64dd47a8492df916e1b2c66fb087a89,evt_b64dd47a8492df91,Danilo Gallinari,NBA,28.03,34.98,21.25,0.51,7.0000,5.2700,8.5000,5.3600
$50 NBA Daily 8/18,2020-08-19T00:04:13.371691,estk_b64dd47a8492df914d546eba965e40a0,evt_b64dd47a8492df91,Steven Adams,NBA,33.86,36.09,19.5,0.51,6.6900,6.7700,8.7700,5.6900
$50 NBA Daily 8/18,2020-08-19T00:04:13.371695,estk_b64dd47a8492df919e314ab9e97d6d4e,evt_b64dd47a8492df91,Eric Gordon,NBA,17.04,28.6,20.25,0.51,5.3700,3.1900,6.9500,3.8000
$50 NBA Daily 8/18,2020-08-19T00:04:13.371706,estk_b64dd47a8492df91835e4cb9b4f65e3b,evt_b64dd47a8492df91,Jeff Green,NBA,15.46,27.58,20,0.51,4.8800,2.9300,6.4900,3.2900
$50 NBA Daily 8/18,2020-08-19T00:04:13.371728,estk_b64dd47a8492df9133aee19dae855240,evt_b64dd47a8492df91,Shai Gilgeous-Alexander,NBA,31.57,22.97,7.5,0.51,3.7400,6.1200,5.3600,2.8000
$50 NBA Daily 8/18,2020-08-19T00:04:13.371732,estk_b64dd47a8492df91bb2265938b36951f,evt_b64dd47a8492df91,P.J. Tucker,NBA,19.39,22,12.5,0.51,3.5800,5.8400,5.1300,2.6800
$50 NBA Daily 8/18,2020-08-19T00:04:13.371739,estk_b64dd47a8492df912e7d4bf632563918,evt_b64dd47a8492df91,Robert Covington,NBA,25.75,21.37,8.75,0.51,3.3300,4.7400,4.9100,2.3500
$50 NBA Daily 8/18,2020-08-19T00:04:13.371746,estk_b64dd47a8492df917e274b6cb95b0d20,evt_b64dd47a8492df91,Danuel House,NBA,18.5,18.81,9.75,0.51,2.8000,3.3800,4.3600,1.9400
$50 NBA Daily 8/18,2020-08-19T00:04:13.371761,estk_b64dd47a8492df91ce8e428feaa184fb,evt_b64dd47a8492df91,Dennis Schroder,NBA,25.46,15.98,3.5,0.51,2.3700,4.6900,4.0700,1.2800
$50 NBA Daily 8/18,2020-08-19T00:04:13.371764,estk_b64dd47a8492df91d5d16483f5148c0b,evt_b64dd47a8492df91,Darius Bazley,NBA,15.11,14.4,7,0.51,2.1400,2.9000,4.0200,1.3100
$50 NBA Daily 8/18,2020-08-19T00:04:13.371768,estk_b64dd47a8492df91d086e77c2f7fd9b3,evt_b64dd47a8492df91,Hamidou Diallo,NBA,16.34,11.76,3.75,0.51,1.8500,3.0700,3.6800,
$50 NBA Daily 8/18,2020-08-19T00:04:13.371772,estk_b64dd47a8492df910b5bea604e9b515d,evt_b64dd47a8492df91,Nerlens Noel,NBA,18.33,8.98,0,0.51,1.5700,3.3600,3.4100,
$50 NBA Daily 8/18,2020-08-19T00:04:13.371776,estk_b64dd47a8492df9119f5682bdf2d2680,evt_b64dd47a8492df91,DeMarre Carroll,NBA,10.13,4.96,0,0.51,1.3200,2.3200,2.8500,
$50 NBA Daily 8/18,2020-08-19T00:05:14.043013,estk_b64dd47a8492df91998cf3066566c393,evt_b64dd47a8492df91,James Harden,NBA,53.04,47.46,22,0.52,12.8600,9.6700,14.5700,11.1000
$50 NBA Daily 8/18,2020-08-19T00:05:14.043026,estk_b64dd47a8492df9186ea8af848cca3f6,evt_b64dd47a8492df91,Chris Paul,NBA,40.85,40.86,21.25,0.52,9.1700,8.5500,10.4900,7.4900
$50 NBA Daily 8/18,2020-08-19T00:05:14.043030,estk_b64dd47a8492df914d546eba965e40a0,evt_b64dd47a8492df91,Steven Adams,NBA,33.86,37.75,21.5,0.52,7.7100,6.7700,9.3600,6.0600
$50 NBA Daily 8/18,2020-08-19T00:05:14.043034,estk_b64dd47a8492df916e1b2c66fb087a89,evt_b64dd47a8492df91,Danilo Gallinari,NBA,28.03,34.7,21.25,0.52,7.2400,5.2700,8.5000,5.6000
$50 NBA Daily 8/18,2020-08-19T00:05:14.043046,estk_b64dd47a8492df919e314ab9e97d6d4e,evt_b64dd47a8492df91,Eric Gordon,NBA,17.04,28.43,20.25,0.52,5.0700,3.1900,6.9500,3.8000
$50 NBA Daily 8/18,2020-08-19T00:05:14.043053,estk_b64dd47a8492df91835e4cb9b4f65e3b,evt_b64dd47a8492df91,Jeff Green,NBA,15.46,27.42,20,0.52,4.8000,2.9300,6.4900,3.2900
$50 NBA Daily 8/18,2020-08-19T00:05:14.043075,estk_b64dd47a8492df9133aee19dae855240,evt_b64dd47a8492df91,Shai Gilgeous-Alexander,NBA,31.57,26.15,11,0.52,3.5600,6.1200,5.3600,2.6300
$50 NBA Daily 8/18,2020-08-19T00:05:14.043079,estk_b64dd47a8492df91bb2265938b36951f,evt_b64dd47a8492df91,P.J. Tucker,NBA,19.39,23.81,14.5,0.52,3.4300,5.8400,5.1300,2.5200
$50 NBA Daily 8/18,2020-08-19T00:05:14.043087,estk_b64dd47a8492df912e7d4bf632563918,evt_b64dd47a8492df91,Robert Covington,NBA,25.75,22.61,10.25,0.52,3.2400,4.7400,4.9100,2.3500
$50 NBA Daily 8/18,2020-08-19T00:05:14.043094,estk_b64dd47a8492df917e274b6cb95b0d20,evt_b64dd47a8492df91,Danuel House,NBA,18.5,18.63,9.75,0.52,2.7200,3.3800,4.3600,1.9100
$50 NBA Daily 8/18,2020-08-19T00:05:14.043109,estk_b64dd47a8492df91ce8e428feaa184fb,evt_b64dd47a8492df91,Dennis Schroder,NBA,25.46,15.72,3.5,0.52,2.3000,4.6900,4.0700,1.2800
$50 NBA Daily 8/18,2020-08-19T00:05:14.043112,estk_b64dd47a8492df91d5d16483f5148c0b,evt_b64dd47a8492df91,Darius Bazley,NBA,15.11,14.25,7,0.52,2.0600,2.9000,4.0200,1.2600
$50 NBA Daily 8/18,2020-08-19T00:05:14.043116,estk_b64dd47a8492df91d086e77c2f7fd9b3,evt_b64dd47a8492df91,Hamidou Diallo,NBA,16.34,11.59,3.75,0.52,1.7900,3.0700,3.6800,
$50 NBA Daily 8/18,2020-08-19T00:05:14.043120,estk_b64dd47a8492df910b5bea604e9b515d,evt_b64dd47a8492df91,Nerlens Noel,NBA,18.33,8.8,0,0.52,1.5300,3.3600,3.4100,
$50 NBA Daily 8/18,2020-08-19T00:05:14.043124,estk_b64dd47a8492df9119f5682bdf2d2680,evt_b64dd47a8492df91,DeMarre Carroll,NBA,10.13,4.86,0,0.52,1.3100,2.3200,2.8500,
$50 NBA Daily 8/18,2020-08-19T00:06:14.751400,estk_b64dd47a8492df91998cf3066566c393,evt_b64dd47a8492df91,James Harden,NBA,53.04,48.18,23.25,0.53,12.8400,9.6700,14.5700,11.1000
$50 NBA Daily 8/18,2020-08-19T00:06:14.751414,estk_b64dd47a8492df9186ea8af848cca3f6,evt_b64dd47a8492df91,Chris Paul,NBA,40.85,41.7,22.5,0.53,9.8900,8.5500,10.5200,8.1900
$50 NBA Daily 8/18,2020-08-19T00:06:14.751418,estk_b64dd47a8492df914d546eba965e40a0,evt_b64dd47a8492df91,Steven Adams,NBA,33.86,41.41,25.5,0.53,9.7300,6.7700,9.3600,8.0400
$50 NBA Daily 8/18,2020-08-19T00:06:14.751426,estk_b64dd47a8492df916e1b2c66fb087a89,evt_b64dd47a8492df91,Danilo Gallinari,NBA,28.03,33.92,20.75,0.53,6.5900,5.2700,8.5000,5.6000
$50 NBA Daily 8/18,2020-08-19T00:06:14.751437,estk_b64dd47a8492df919e314ab9e97d6d4e,evt_b64dd47a8492df91,Eric Gordon,NBA,17.04,28.26,20.25,0.53,4.8300,3.1900,6.9500,3.8000
$50 NBA Daily 8/18,2020-08-19T00:06:14.751441,estk_b64dd47a8492df91835e4cb9b4f65e3b,evt_b64dd47a8492df91,Jeff Green,NBA,15.46,27.27,20,0.53,4.5300,2.9300,6.4900,3.2900
$50 NBA Daily 8/18,2020-08-19T00:06:14.751449,estk_b64dd47a8492df9133aee19dae855240,evt_b64dd47a8492df91,Shai Gilgeous-Alexander,NBA,31.57,25.84,11,0.53,4.1500,6.1200,5.3600,2.6300
$50 NBA Daily 8/18,2020-08-19T00:06:14.751468,estk_b64dd47a8492df91bb2265938b36951f,evt_b64dd47a8492df91,P.J. Tucker,NBA,19.39,23.11,14,0.53,3.5200,5.8400,5.1300,2.5200
$50 NBA Daily 8/18,2020-08-19T00:06:14.751475,estk_b64dd47a8492df912e7d4bf632563918,evt_b64dd47a8492df91,Robert Covington,NBA,25.75,21.85,9.75,0.53,3.2000,4.7400,4.9100,2.3500
$50 NBA Daily 8/18,2020-08-19T00:06:14.751486,estk_b64dd47a8492df917e274b6cb95b0d20,evt_b64dd47a8492df91,Danuel House,NBA,18.5,18.45,9.75,0.53,2.5500,3.3800,4.3600,1.9100
$50 NBA Daily 8/18,2020-08-19T00:06:14.751497,estk_b64dd47a8492df91ce8e428feaa184fb,evt_b64dd47a8492df91,Dennis Schroder,NBA,25.46,15.47,3.5,0.53,2.1500,4.6900,4.0700,1.2800
$50 NBA Daily 8/18,2020-08-19T00:06:14.751500,estk_b64dd47a8492df91d5d16483f5148c0b,evt_b64dd47a8492df91,Darius Bazley,NBA,15.11,14.1,7,0.53,1.9700,2.9000,4.0200,1.2600
$50 NBA Daily 8/18,2020-08-19T00:06:14.751504,estk_b64dd47a8492df91d086e77c2f7fd9b3,evt_b64dd47a8492df91,Hamidou Diallo,NBA,16.34,11.43,3.75,0.53,1.7100,3.0700,3.6800,
$50 NBA Daily 8/18,2020-08-19T00:06:14.751508,estk_b64dd47a8492df910b5bea604e9b515d,evt_b64dd47a8492df91,Nerlens Noel,NBA,18.33,8.62,0,0.53,1.4700,3.3600,3.4100,
$50 NBA Daily 8/18,2020-08-19T00:06:14.751512,estk_b64dd47a8492df9119f5682bdf2d2680,evt_b64dd47a8492df91,DeMarre Carroll,NBA,10.13,4.76,0,0.53,1.2800,2.3200,2.8500,
$50 NBA Daily 8/18,2020-08-19T00:07:15.374690,estk_b64dd47a8492df91998cf3066566c393,evt_b64dd47a8492df91,James Harden,NBA,53.04,48.59,25.25,0.56,12.8700,9.6700,14.5700,11.1100
$50 NBA Daily 8/18,2020-08-19T00:07:15.374708,estk_b64dd47a8492df9186ea8af848cca3f6,evt_b64dd47a8492df91,Chris Paul,NBA,40.85,41.97,24,0.56,9.9000,8.5500,11.5900,8.2000
$50 NBA Daily 8/18,2020-08-19T00:07:15.374712,estk_b64dd47a8492df914d546eba965e40a0,evt_b64dd47a8492df91,Steven Adams,NBA,33.86,43.65,28.75,0.56,9.7000,6.7700,11.3900,8.0400
$50 NBA Daily 8/18,2020-08-19T00:07:15.374720,estk_b64dd47a8492df916e1b2c66fb087a89,evt_b64dd47a8492df91,Danilo Gallinari,NBA,28.03,34.58,22.25,0.56,6.7000,5.2700,8.5000,5.6000
$50 NBA Daily 8/18,2020-08-19T00:07:15.374732,estk_b64dd47a8492df919e314ab9e97d6d4e,evt_b64dd47a8492df91,Eric Gordon,NBA,17.04,29.25,21.75,0.56,4.8300,3.1900,6.4300,3.8000
$50 NBA Daily 8/18,2020-08-19T00:07:15.374736,estk_b64dd47a8492df91835e4cb9b4f65e3b,evt_b64dd47a8492df91,Jeff Green,NBA,15.46,26.8,20,0.56,4.5900,2.9300,6.4900,3.2900
$50 NBA Daily 8/18,2020-08-19T00:07:15.374740,estk_b64dd47a8492df9133aee19dae855240,evt_b64dd47a8492df91,Shai Gilgeous-Alexander,NBA,31.57,24.39,10.5,0.56,4.1700,6.1200,5.3600,2.6300
$50 NBA Daily 8/18,2020-08-19T00:07:15.374761,estk_b64dd47a8492df91bb2265938b36951f,evt_b64dd47a8492df91,P.J. Tucker,NBA,19.39,22.53,14,0.56,3.5100,5.8400,5.1300,2.5200
$50 NBA Daily 8/18,2020-08-19T00:07:15.374769,estk_b64dd47a8492df912e7d4bf632563918,evt_b64dd47a8492df91,Robert Covington,NBA,25.75,27.33,16,0.56,3.2500,4.7400,4.9100,2.3500
$50 NBA Daily 8/18,2020-08-19T00:07:15.374780,estk_b64dd47a8492df917e274b6cb95b0d20,evt_b64dd47a8492df91,Danuel House,NBA,18.5,19.89,11.75,0.56,2.5900,3.3800,4.3600,1.7400
$50 NBA Daily 8/18,2020-08-19T00:07:15.374791,estk_b64dd47a8492df91ce8e428feaa184fb,evt_b64dd47a8492df91,Dennis Schroder,NBA,25.46,14.7,3.5,0.56,2.1200,4.6900,3.6600,1.2800
$50 NBA Daily 8/18,2020-08-19T00:07:15.374794,estk_b64dd47a8492df91d5d16483f5148c0b,evt_b64dd47a8492df91,Darius Bazley,NBA,15.11,13.65,7,0.56,1.9800,2.9000,3.5100,1.1800
$50 NBA Daily 8/18,2020-08-19T00:07:15.374798,estk_b64dd47a8492df91d086e77c2f7fd9b3,evt_b64dd47a8492df91,Hamidou Diallo,NBA,16.34,10.94,3.75,0.56,1.6900,3.0700,3.6800,
$50 NBA Daily 8/18,2020-08-19T00:07:15.374802,estk_b64dd47a8492df910b5bea604e9b515d,evt_b64dd47a8492df91,Nerlens Noel,NBA,18.33,8.07,0,0.56,1.4700,3.3600,3.4100,
$50 NBA Daily 8/18,2020-08-19T00:07:15.374806,estk_b64dd47a8492df9119f5682bdf2d2680,evt_b64dd47a8492df91,DeMarre Carroll,NBA,10.13,4.46,0,0.56,1.2700,2.3200,2.8500,
$50 NBA Daily 8/18,2020-08-19T00:08:15.994909,estk_b64dd47a8492df91998cf3066566c393,evt_b64dd47a8492df91,James Harden,NBA,53.04,47.53,25.25,0.58,12.8900,9.6700,14.5700,11.1300
$50 NBA Daily 8/18,2020-08-19T00:08:15.994927,estk_b64dd47a8492df914d546eba965e40a0,evt_b64dd47a8492df91,Steven Adams,NBA,33.86,43.72,29.5,0.58,10.5600,6.7700,12.2700,8.8500
$50 NBA Daily 8/18,2020-08-19T00:08:15.994931,estk_b64dd47a8492df9186ea8af848cca3f6,evt_b64dd47a8492df91,Chris Paul,NBA,40.85,43.16,26,0.58,9.6900,8.5500,11.5900,8.2000
$50 NBA Daily 8/18,2020-08-19T00:08:15.994935,estk_b64dd47a8492df916e1b2c66fb087a89,evt_b64dd47a8492df91,Danilo Gallinari,NBA,28.03,36.02,24.25,0.58,6.7400,5.2700,8.5000,5.6000
$50 NBA Daily 8/18,2020-08-19T00:08:15.994943,estk_b64dd47a8492df919e314ab9e97d6d4e,evt_b64dd47a8492df91,Eric Gordon,NBA,17.04,27.91,20.75,0.58,5.0400,3.1900,6.4300,3.8000
$50 NBA Daily 8/18,2020-08-19T00:08:15.994954,estk_b64dd47a8492df912e7d4bf632563918,evt_b64dd47a8492df91,Robert Covington,NBA,25.75,26.82,16,0.58,4.4500,4.7400,6.0400,2.8600
$50 NBA Daily 8/18,2020-08-19T00:08:15.994958,estk_b64dd47a8492df91835e4cb9b4f65e3b,evt_b64dd47a8492df91,Jeff Green,NBA,15.46,26.49,20,0.58,4.2700,2.9300,5.8600,3.2900
$50 NBA Daily 8/18,2020-08-19T00:08:15.994973,estk_b64dd47a8492df9133aee19dae855240,evt_b64dd47a8492df91,Shai Gilgeous-Alexander,NBA,31.57,23.76,10.5,0.58,3.7000,6.1200,5.3600,2.6300
$50 NBA Daily 8/18,2020-08-19T00:08:15.994983,estk_b64dd47a8492df91bb2265938b36951f,evt_b64dd47a8492df91,P.J. Tucker,NBA,19.39,22.14,14,0.58,3.2600,5.8400,5.1300,2.4400
$50 NBA Daily 8/18,2020-08-19T00:08:15.994994,estk_b64dd47a8492df917e274b6cb95b0d20,evt_b64dd47a8492df91,Danuel House,NBA,18.5,19.52,11.75,0.58,2.7200,3.3800,4.3600,1.7400
$50 NBA Daily 8/18,2020-08-19T00:08:15.995008,estk_b64dd47a8492df91ce8e428feaa184fb,evt_b64dd47a8492df91,Dennis Schroder,NBA,25.46,14.19,3.5,0.58,1.9500,4.6900,3.4900,1.1100
$50 NBA Daily 8/18,2020-08-19T00:08:15.995012,estk_b64dd47a8492df91d5d16483f5148c0b,evt_b64dd47a8492df91,Darius Bazley,NBA,15.11,13.35,7,0.58,1.8400,2.9000,3.5100,1.0400
$50 NBA Daily 8/18,2020-08-19T00:08:15.995016,estk_b64dd47a8492df91d086e77c2f7fd9b3,evt_b64dd47a8492df91,Hamidou Diallo,NBA,16.34,10.61,3.75,0.58,1.6000,3.0700,3.1300,
$50 NBA Daily 8/18,2020-08-19T00:08:15.995019,estk_b64dd47a8492df910b5bea604e9b515d,evt_b64dd47a8492df91,Nerlens Noel,NBA,18.33,7.7,0,0.58,1.3900,3.3600,3.4100,
$50 NBA Daily 8/18,2020-08-19T00:08:15.995023,estk_b64dd47a8492df9119f5682bdf2d2680,evt_b64dd47a8492df91,DeMarre Carroll,NBA,10.13,4.25,0,0.58,1.2300,2.3200,2.8500,
