name,time,id,event_id,stock_name,sector,fantasy_points_projected,fantasy_points_projected_live,fantasy_points_scored,amount_completed,estimated_price,last_price,ask_price,bid_price
$2K PGA Championship,2020-08-07T10:39:56.114128,estk_f684ba15bba0067a8eb46850755a695e,evt_f684ba15bba0067a,Xander Schauffele,PGA,78.03,80.52,22,0.25,10.9100,7.8900,12.2200,9.2100
$2K PGA Championship,2020-08-07T10:39:56.114128,estk_f684ba15bba0067ae0b5b2fc83a00c65,evt_f684ba15bba0067a,Gary Woodland,PGA,78.98,80.23,21,0.25,10.6900,8.4100,12.0600,8.9900
$2K PGA Championship,2020-08-07T10:39:56.114128,estk_f684ba15bba0067a03fcb99bd098267b,evt_f684ba15bba0067a,Patrick Reed,PGA,79.17,80,23,0.28,10.4600,8.4800,12.1100,9.1700
$2K PGA Championship,2020-08-07T10:39:56.114128,estk_f684ba15bba0067ad11048af6a9aa9e4,evt_f684ba15bba0067a,Bryson DeChambeau,PGA,78.8,79.1,20,0.25,9.8400,8.3100,11.5500,8.2800
$2K PGA Championship,2020-08-07T10:39:56.114128,estk_f684ba15bba0067adb5881f101cec470,evt_f684ba15bba0067a,Justin Rose,PGA,75.99,78.99,22,0.25,9.7400,6.8900,11.3200,8.0600
$2K PGA Championship,2020-08-07T10:39:56.114128,estk_f684ba15bba0067af659aa7b5b2176ee,evt_f684ba15bba0067a,Collin Morikawa,PGA,79.54,78.66,19,0.25,9.4700,8.7100,11.1400,7.8100
$2K PGA Championship,2020-08-07T10:39:56.114128,estk_f684ba15bba0067af40801c5943c8d94,evt_f684ba15bba0067a,Jon Rahm,PGA,79.94,77.95,18,0.25,8.9800,8.9500,10.8600,7.3500
$2K PGA Championship,2020-08-07T10:39:56.114128,estk_f684ba15bba0067ac2291b803160b17e,evt_f684ba15bba0067a,Daniel Berger,PGA,75.51,77.63,21,0.25,8.7200,6.6700,10.3300,7.1000
$2K PGA Championship,2020-08-07T10:39:56.114128,estk_f684ba15bba0067a503f60443b3bd112,evt_f684ba15bba0067a,Webb Simpson,PGA,80.61,77.46,17,0.25,8.6000,9.3100,10.2700,6.9300
$2K PGA Championship,2020-08-07T10:39:56.114128,estk_f684ba15bba0067a2203f644cb3905c3,evt_f684ba15bba0067a,Jason Day,PGA,72.42,77.31,23,0.25,8.5400,9.4100,9.9000,7.0800
$2K PGA Championship,2020-08-07T10:39:56.114128,estk_f684ba15bba0067ad84407620d2d9cf0,evt_f684ba15bba0067a,Tony Finau,PGA,75.05,77.29,21,0.25,8.5100,6.4300,9.7800,6.8200
$2K PGA Championship,2020-08-07T10:39:56.114128,estk_f684ba15bba0067a514f8f232f286c88,evt_f684ba15bba0067a,Tiger Woods,PGA,76.3,77.22,20,0.25,8.4200,7.0300,9.7900,7.0400
$2K PGA Championship,2020-08-07T10:39:56.114128,estk_f684ba15bba0067a385c664e153f199a,evt_f684ba15bba0067a,Rory McIlroy,PGA,78.84,77.13,18,0.25,8.3800,8.3200,9.9800,6.7300
$2K PGA Championship,2020-08-07T10:39:56.114128,estk_f684ba15bba0067a277e17576c06f23a,evt_f684ba15bba0067a,Abraham Ancer,PGA,76.31,76.23,19,0.25,7.7900,8.8300,9.1200,6.1100
$2K PGA Championship,2020-08-07T10:39:56.114128,estk_f684ba15bba0067a6cf2ca706ee5c6ba,evt_f684ba15bba0067a,Zach Johnson,PGA,72.3,76.22,22,0.25,7.7700,5.2600,9.0800,6.1100
$2K PGA Championship,2020-08-07T10:39:56.114128,estk_f684ba15bba0067a6e48ec89ea29f9f8,evt_f684ba15bba0067a,Justin Thomas,PGA,78.14,75.61,17,0.25,7.3800,8.6300,8.6300,5.7300
$2K PGA Championship,2020-08-07T10:39:56.114128,estk_f684ba15bba0067a9cb9fc3fe55be3c0,evt_f684ba15bba0067a,Adam Scott,PGA,73.25,74.94,20,0.25,6.9500,7.5200,8.5500,5.4100
$2K PGA Championship,2020-08-07T10:39:56.114128,estk_f684ba15bba0067a3d3360a6372e1b4e,evt_f684ba15bba0067a,Viktor Hovland,PGA,71.54,74.94,22,0.26,6.9400,6.7500,8.5400,4.6300
$2K PGA Championship,2020-08-07T10:39:56.114128,estk_f684ba15bba0067a077d445dd9eef8da,evt_f684ba15bba0067a,Patrick Cantlay,PGA,79.79,74.84,15,0.25,6.9200,8.0900,8.4200,5.2800
$2K PGA Championship,2020-08-07T10:39:56.114128,estk_f684ba15bba0067a33ae0bbc78db2949,evt_f684ba15bba0067a,Dustin Johnson,PGA,73.92,74.44,19,0.25,6.6300,7.7900,8.2900,5.2400
$2K PGA Championship,2020-08-07T10:39:56.114128,estk_f684ba15bba0067a527c5abfc1093b26,evt_f684ba15bba0067a,Hideki Matsuyama,PGA,73.23,74.19,20,0.26,6.4800,7.4600,7.6100,4.8200
$2K PGA Championship,2020-08-07T10:39:56.114128,estk_f684ba15bba0067adda748b4200f22bf,evt_f684ba15bba0067a,Paul Casey,PGA,71.81,73.86,20,0.25,6.3300,8.5800,7.9300,5.3300
$2K PGA Championship,2020-08-07T10:39:56.114128,estk_f684ba15bba0067a6db374755563ce83,evt_f684ba15bba0067a,Bubba Watson,PGA,74.72,73.8,20,0.28,6.2300,6.2900,7.8200,4.8500
$2K PGA Championship,2020-08-07T10:39:56.114128,estk_f684ba15bba0067a3116b24358a8f507,evt_f684ba15bba0067a,Louis Oosthuizen,PGA,73.68,73.26,18,0.25,5.9800,7.0900,7.3700,4.3600
$2K PGA Championship,2020-08-07T10:39:56.114128,estk_f684ba15bba0067a5e6a5c337da2b39d,evt_f684ba15bba0067a,Matthias Schwab,PGA,71.94,72.95,19,0.25,5.7800,7.0300,7.0300,4.2800
$2K PGA Championship,2020-08-07T10:39:56.114128,estk_f684ba15bba0067a58f9d59b6d1e50b5,evt_f684ba15bba0067a,Kevin Streelman,PGA,70.04,72.83,21,0.26,5.6900,6.9300,6.9300,4.1100
$2K PGA Championship,2020-08-07T10:39:56.114128,estk_f684ba15bba0067a60e6f2aa7e058964,evt_f684ba15bba0067a,Tommy Fleetwood,PGA,71.2,72.69,20,0.26,5.6600,6.6000,7.2200,4.0000
$2K PGA Championship,2020-08-07T10:39:56.114128,estk_f684ba15bba0067adc1e23aa4cb30164,evt_f684ba15bba0067a,Marc Leishman,PGA,72.48,72.36,18,0.25,5.4700,7.1600,7.1200,4.5600
$2K PGA Championship,2020-08-07T10:39:56.114128,estk_f684ba15bba0067afe200133ec8a6c41,evt_f684ba15bba0067a,Tyrrell Hatton,PGA,75.11,72.33,16,0.25,5.4600,6.8600,6.8600,3.8800
$2K PGA Championship,2020-08-07T10:39:56.114128,estk_f684ba15bba0067a170130e9fa731e23,evt_f684ba15bba0067a,Jason Kokrak,PGA,71.03,72.27,19,0.25,5.4400,6.5700,6.6500,3.8500
$2K PGA Championship,2020-08-07T10:39:56.114128,estk_f684ba15bba0067a4fd2025821f57a83,evt_f684ba15bba0067a,Brendon Todd,PGA,65.31,71.98,23,0.25,5.3000,5.7400,6.8800,3.6800
$2K PGA Championship,2020-08-07T10:39:56.114128,estk_f684ba15bba0067aff6618d36b623f5c,evt_f684ba15bba0067a,Scottie Scheffler,PGA,66.52,71.89,22,0.25,5.2300,6.4900,6.4900,3.7700
$2K PGA Championship,2020-08-07T10:39:56.114128,estk_f684ba15bba0067a99495eb9a3c8aa25,evt_f684ba15bba0067a,Kevin Kisner,PGA,67.35,71.51,21,0.25,5.0700,6.3700,6.3700,3.4800
$2K PGA Championship,2020-08-07T10:39:56.114128,estk_f684ba15bba0067a4e5af02280177635,evt_f684ba15bba0067a,Si Woo Kim,PGA,69.7,71.28,19,0.25,4.9300,6.5800,6.4000,3.8700
$2K PGA Championship,2020-08-07T10:39:56.114128,estk_f684ba15bba0067a6ef252b94400baa3,evt_f684ba15bba0067a,Adam Hadwin,PGA,70.55,71.09,21,0.29,4.7800,7.5000,6.7000,3.1600
$2K PGA Championship,2020-08-07T10:39:56.114128,estk_f684ba15bba0067a694b41dae4b8654f,evt_f684ba15bba0067a,Lucas Glover,PGA,71.79,70.84,17,0.25,4.7200,5.9000,5.9000,3.1500
$2K PGA Championship,2020-08-07T10:39:56.114128,estk_f684ba15bba0067ae64a0e6fb2b31683,evt_f684ba15bba0067a,Rafa Cabrera Bello,PGA,72.99,70.74,16,0.25,4.6800,6.0700,6.0700,3.1600
$2K PGA Championship,2020-08-07T10:39:56.114128,estk_f684ba15bba0067a1c0e9cf8ef9eccd9,evt_f684ba15bba0067a,Matthew Wolff,PGA,70.62,70.85,20,0.28,4.6800,6.8800,6.2600,3.8100
$2K PGA Championship,2020-08-07T10:39:56.114128,estk_f684ba15bba0067ae84f621105202612,evt_f684ba15bba0067a,Matt Kuchar,PGA,71.49,70.62,17,0.25,4.6400,5.7800,6.2400,3.3000
$2K PGA Championship,2020-08-07T10:39:56.114128,estk_f684ba15bba0067ada24800f4e7e1bae,evt_f684ba15bba0067a,Hao-Tong Li,PGA,61.29,70.68,29,0.32,4.4900,4.3200,6.0900,2.3600
$2K PGA Championship,2020-08-07T10:39:56.114128,estk_f684ba15bba0067a1ca8635140548cc5,evt_f684ba15bba0067a,Harris English,PGA,68.35,70.26,19,0.25,4.4700,5.5900,5.7100,2.9000
$2K PGA Championship,2020-08-07T10:39:56.114128,estk_f684ba15bba0067a800e5acffcb2c354,evt_f684ba15bba0067a,Bud Cauley,PGA,64.27,70.2,22,0.25,4.4500,5.8800,5.9000,3.4400
$2K PGA Championship,2020-08-07T10:39:56.114128,estk_f684ba15bba0067aa8b79a109f7cf8a2,evt_f684ba15bba0067a,Byeong Hun An,PGA,72.66,70.14,20,0.31,4.3000,6.5700,5.9800,3.5200
$2K PGA Championship,2020-08-07T10:39:56.114128,estk_f684ba15bba0067a467812ddab873919,evt_f684ba15bba0067a,J.T. Poston,PGA,67.2,69.71,22,0.29,4.1400,6.5300,5.6100,3.1600
$2K PGA Championship,2020-08-07T10:39:56.114128,estk_f684ba15bba0067ac154ddb42321dda7,evt_f684ba15bba0067a,Victor Perez,PGA,68.39,69.29,18,0.25,4.0600,5.5300,5.5600,2.6000
$2K PGA Championship,2020-08-07T10:39:56.114128,estk_f684ba15bba0067a1fc545ba8ac8cb0b,evt_f684ba15bba0067a,Rory Sabbatini,PGA,69.68,69.26,17,0.25,4.0500,5.3700,5.3700,2.4800
$2K PGA Championship,2020-08-07T10:39:56.114128,estk_f684ba15bba0067a3544479351e1ff63,evt_f684ba15bba0067a,Billy Horschel,PGA,67.26,69.43,21,0.28,4.0500,6.1400,5.6200,3.0800
$2K PGA Championship,2020-08-07T10:39:56.114128,estk_f684ba15bba0067a275b00a4c6134775,evt_f684ba15bba0067a,Rickie Fowler,PGA,72.08,69.06,15,0.25,3.9600,5.5500,5.5300,2.4900
$2K PGA Championship,2020-08-07T10:39:56.114128,estk_f684ba15bba0067a8e366112314840d7,evt_f684ba15bba0067a,Keegan Bradley,PGA,70.32,69.04,17,0.26,3.9300,5.0100,5.5000,2.5000
$2K PGA Championship,2020-08-07T10:39:56.114128,estk_f684ba15bba0067af8ddff16f2dbed28,evt_f684ba15bba0067a,Corey Conners,PGA,66.3,68.72,19,0.25,3.8300,4.9700,4.9700,2.2500
$2K PGA Championship,2020-08-07T10:39:56.114128,estk_f684ba15bba0067a7c4bd9c5a9725b31,evt_f684ba15bba0067a,Kevin Na,PGA,67.86,68.86,20,0.28,3.8000,4.9400,5.4300,2.4800
$2K PGA Championship,2020-08-07T10:39:56.114128,estk_f684ba15bba0067ac084ad91aa7b325e,evt_f684ba15bba0067a,Brendan Steele,PGA,62.15,68.61,22,0.25,3.7700,5.1100,5.1100,2.2300
$2K PGA Championship,2020-08-07T10:39:56.114128,estk_f684ba15bba0067af0b722aa359b7f95,evt_f684ba15bba0067a,Scott Piercy,PGA,67.18,68.39,18,0.25,3.6900,5.1400,5.1400,2.6000
$2K PGA Championship,2020-08-07T10:39:56.114128,estk_f684ba15bba0067a2ab98d8a9a770fd5,evt_f684ba15bba0067a,Jordan Spieth,PGA,70.98,68.23,15,0.25,3.6600,5.0700,5.0700,2.6100
$2K PGA Championship,2020-08-07T10:39:56.114128,estk_f684ba15bba0067aa469dfc58a110587,evt_f684ba15bba0067a,Brian Harman,PGA,63.95,67.96,20,0.25,3.5600,4.9700,4.9700,1.9900
$2K PGA Championship,2020-08-07T10:39:56.114128,estk_f684ba15bba0067abf5c4810745af2e6,evt_f684ba15bba0067a,Matthew Fitzpatrick,PGA,72.05,68.04,14,0.25,3.5500,5.0600,5.0600,2.4900
$2K PGA Championship,2020-08-07T10:39:56.114128,estk_f684ba15bba0067a6fa5553da61e1d4f,evt_f684ba15bba0067a,Joel Dahmen,PGA,65.08,67.81,19,0.25,3.4800,4.7100,4.7100,2.3600
$2K PGA Championship,2020-08-07T10:39:56.114128,estk_f684ba15bba0067aa251d6b9cc0a07e5,evt_f684ba15bba0067a,Sungjae Im,PGA,72.23,67.84,18,0.31,3.3900,6.3700,4.9400,2.3900
$2K PGA Championship,2020-08-07T10:39:56.114128,estk_f684ba15bba0067a382b1670443dcf6e,evt_f684ba15bba0067a,Keith Mitchell,PGA,63.23,67.42,20,0.25,3.3600,4.4300,4.5700,1.8000
$2K PGA Championship,2020-08-07T10:39:56.114128,estk_f684ba15bba0067ad8f0d69f88d3691a,evt_f684ba15bba0067a,Doc Redman,PGA,69.58,67.19,15,0.25,3.2700,5.2400,5.1100,2.3200
$2K PGA Championship,2020-08-07T10:39:56.114128,estk_f684ba15bba0067a727afcd55bf28e15,evt_f684ba15bba0067a,Brandt Snedeker,PGA,69.33,67.22,18,0.29,3.2100,5.8700,5.0300,2.2800
$2K PGA Championship,2020-08-07T10:39:56.114128,estk_f684ba15bba0067a7ab7cd0f0adea4a7,evt_f684ba15bba0067a,Cameron Smith,PGA,66.57,66.93,17,0.25,3.1900,5.3100,4.6400,2.2400
$2K PGA Championship,2020-08-07T10:39:56.114128,estk_f684ba15bba0067aa5e32548021abe19,evt_f684ba15bba0067a,Chez Reavie,PGA,66.46,66.84,17,0.25,3.1600,4.6500,4.6500,1.9100
$2K PGA Championship,2020-08-07T10:39:56.114128,estk_f684ba15bba0067a1e0083f260619709,evt_f684ba15bba0067a,Sebastian Munoz,PGA,66.31,66.73,17,0.25,3.1200,4.9500,4.7200,2.2100
$2K PGA Championship,2020-08-07T10:39:56.114128,estk_f684ba15bba0067a88df85a652008d25,evt_f684ba15bba0067a,Shane Lowry,PGA,62.07,66.55,20,0.25,3.0900,4.4800,4.5500,1.5100
$2K PGA Championship,2020-08-07T10:39:56.114128,estk_f684ba15bba0067a56b30a8e6f7d54f5,evt_f684ba15bba0067a,Henrik Stenson,PGA,64.92,66.69,18,0.25,3.0800,4.5600,4.5600,2.1700
$2K PGA Championship,2020-08-07T10:39:56.114128,estk_f684ba15bba0067a5568e0a9fa2706a5,evt_f684ba15bba0067a,Jimmy Walker,PGA,68.37,66.59,16,0.26,3.0700,5.8700,4.7500,1.7600
$2K PGA Championship,2020-08-07T10:39:56.114128,estk_f684ba15bba0067a439e82932be18fd4,evt_f684ba15bba0067a,Ian Poulter,PGA,68.59,66.44,15,0.25,3.0500,5.1600,4.6300,1.5100
$2K PGA Championship,2020-08-07T10:39:56.114128,estk_f684ba15bba0067a3669473c95ba1329,evt_f684ba15bba0067a,C.T. Pan,PGA,66.8,66.1,16,0.25,2.9500,4.3900,4.4300,1.6600
$2K PGA Championship,2020-08-07T10:39:56.114128,estk_f684ba15bba0067a56ab6ba90ba02e56,evt_f684ba15bba0067a,Joaquin Niemann,PGA,70.79,66.26,16,0.29,2.8900,4.8600,4.4400,1.8500
$2K PGA Championship,2020-08-07T10:39:56.114128,estk_f684ba15bba0067a257030afd2041ec6,evt_f684ba15bba0067a,Erik Van Rooyen,PGA,65.37,66.03,17,0.25,2.8900,4.1500,4.1200,1.7100
$2K PGA Championship,2020-08-07T10:39:56.114128,estk_f684ba15bba0067a231a4d3b434acb3f,evt_f684ba15bba0067a,Dylan Frittelli,PGA,63.93,65.95,18,0.25,2.8800,4.3500,4.3500,1.5800
$2K PGA Championship,2020-08-07T10:39:56.114128,estk_f684ba15bba0067a4be0d7fc77429fae,evt_f684ba15bba0067a,Sepp Straka,PGA,63.75,65.81,18,0.25,2.8500,4.2900,4.0600,1.6500
$2K PGA Championship,2020-08-07T10:39:56.114128,estk_f684ba15bba0067a1d4f740cf9f348cc,evt_f684ba15bba0067a,Wyndham Clark,PGA,65,65.75,17,0.25,2.8300,4.0300,4.7000,1.5400
$2K PGA Championship,2020-08-07T10:39:56.114128,estk_f684ba15bba0067a3106b19cb24df156,evt_f684ba15bba0067a,Bernd Wiesberger,PGA,60.79,65.59,20,0.25,2.7900,4.2000,4.2000,1.2300
$2K PGA Championship,2020-08-07T10:39:56.114128,estk_f684ba15bba0067a499f65e84c5a381b,evt_f684ba15bba0067a,Jim Furyk,PGA,65,65.8,19,0.28,2.7700,4.6000,4.4700,1.7700
$2K PGA Championship,2020-08-07T10:39:56.114128,estk_f684ba15bba0067a3a3fd2efe45d4190,evt_f684ba15bba0067a,Harold Varner III,PGA,65.85,65.75,19,0.29,2.7400,4.8200,4.2300,1.7000
$2K PGA Championship,2020-08-07T10:39:56.114128,estk_f684ba15bba0067ace48a1d2ca0c1d77,evt_f684ba15bba0067a,Andrew Putnam,PGA,67.23,65.42,15,0.25,2.7300,4.2000,4.2100,1.7600
$2K PGA Championship,2020-08-07T10:39:56.114128,estk_f684ba15bba0067aa994dc6df42c2b1e,evt_f684ba15bba0067a,Nate Lashley,PGA,61.35,65.01,19,0.25,2.6200,3.8200,3.8200,1.0700
$2K PGA Championship,2020-08-07T10:39:56.114128,estk_f684ba15bba0067adc45886d5b7d7c1b,evt_f684ba15bba0067a,Russell Henley,PGA,63.67,64.75,17,0.25,2.5600,3.7700,3.7700,1.0300
$2K PGA Championship,2020-08-07T10:39:56.114128,estk_f684ba15bba0067aaf335bc9711cd18a,evt_f684ba15bba0067a,Lanto Griffin,PGA,57.83,64.9,25,0.31,2.4900,3.2900,3.8100,
$2K PGA Championship,2020-08-07T10:39:56.114128,estk_f684ba15bba0067a2417e84cbbd5324d,evt_f684ba15bba0067a,Luke List,PGA,64.32,64.24,16,0.25,2.4300,3.8800,3.8800,1.1100
$2K PGA Championship,2020-08-07T10:39:56.114128,estk_f684ba15bba0067aa2ae7a7605b3a52e,evt_f684ba15bba0067a,Denny McCarthy,PGA,61.69,64.27,18,0.25,2.4200,4.3500,4.1200,1.4100
$2K PGA Championship,2020-08-07T10:39:56.114128,estk_f684ba15bba0067a2f70583fd032316f,evt_f684ba15bba0067a,Max Homa,PGA,66.91,64.18,14,0.25,2.4100,3.9200,3.9200,1.3600
$2K PGA Championship,2020-08-07T10:39:56.114128,estk_f684ba15bba0067a43668873521e8e14,evt_f684ba15bba0067a,Matt Wallace,PGA,62.86,64.14,17,0.25,2.4000,4.6200,3.9600,1.5600
$2K PGA Championship,2020-08-07T10:39:56.114128,estk_f684ba15bba0067a3f67e338f06084d7,evt_f684ba15bba0067a,Troy Merritt,PGA,65.54,64.16,15,0.25,2.3800,4.7000,3.9400,1.5800
$2K PGA Championship,2020-08-07T10:39:56.114128,estk_f684ba15bba0067af1c1c5d688ad50b6,evt_f684ba15bba0067a,Danny Lee,PGA,60.21,64.16,19,0.25,2.3800,3.6000,3.6000,
$2K PGA Championship,2020-08-07T10:39:56.114128,estk_f684ba15bba0067a8c0c59e9f95a36fc,evt_f684ba15bba0067a,Graeme McDowell,PGA,64.26,64.27,18,0.28,2.3700,3.8500,3.8700,1.3700
$2K PGA Championship,2020-08-07T10:39:56.114128,estk_f684ba15bba0067aff712a532f406304,evt_f684ba15bba0067a,Cameron Champ,PGA,62.34,63.76,17,0.25,2.2900,3.9900,3.9700,1.1600
$2K PGA Championship,2020-08-07T10:39:56.114128,estk_f684ba15bba0067adc553a6f4de18227,evt_f684ba15bba0067a,Martin Kaymer,PGA,55.35,63.51,22,0.25,2.2600,3.7700,3.7500,1.2000
$2K PGA Championship,2020-08-07T10:39:56.114128,estk_f684ba15bba0067a9d863c21b98c587e,evt_f684ba15bba0067a,Christiaan Bezuidenhout,PGA,59.72,64.01,24,0.33,2.2200,3.2900,3.2900,
$2K PGA Championship,2020-08-07T10:39:56.114128,estk_f684ba15bba0067a0811efeafb376fee,evt_f684ba15bba0067a,Michael Thompson,PGA,61.64,63.23,17,0.25,2.1900,3.3600,3.3600,
$2K PGA Championship,2020-08-07T10:39:56.114128,estk_f684ba15bba0067aae4992823c10a96e,evt_f684ba15bba0067a,Carlos Ortiz,PGA,62.81,63.11,16,0.25,2.1700,3.7000,3.6800,1.2000
$2K PGA Championship,2020-08-07T10:39:56.114128,estk_f684ba15bba0067aa0281ba5dadc7019,evt_f684ba15bba0067a,Matt Jones,PGA,59.61,63.11,19,0.26,2.1500,3.5200,3.5200,1.2000
$2K PGA Championship,2020-08-07T10:39:56.114128,estk_f684ba15bba0067a01c765712de170ec,evt_f684ba15bba0067a,Sung Kang,PGA,59.94,62.95,18,0.25,2.1400,3.5800,3.5800,1.2000
$2K PGA Championship,2020-08-07T10:39:56.114128,estk_f684ba15bba0067a01a6a725cac7711c,evt_f684ba15bba0067a,Sergio Garcia,PGA,63.4,62.55,15,0.25,2.0600,3.2400,3.2300,
$2K PGA Championship,2020-08-07T10:39:56.114128,estk_f684ba15bba0067a6e6bae282dbde85d,evt_f684ba15bba0067a,Jason Dufner,PGA,59.37,62.53,18,0.25,2.0500,3.5400,3.5400,
$2K PGA Championship,2020-08-07T10:39:56.114128,estk_f684ba15bba0067ac336cb83de20d635,evt_f684ba15bba0067a,Steve Stricker,PGA,61.93,62.45,16,0.25,2.0400,3.5500,3.5600,1.1800
$2K PGA Championship,2020-08-07T10:39:56.114128,estk_f684ba15bba0067aa76ce6b76eb4f61c,evt_f684ba15bba0067a,Tom Hoge,PGA,61.52,62.14,16,0.25,1.9900,3.4900,3.5000,
$2K PGA Championship,2020-08-07T10:39:56.114128,estk_f684ba15bba0067af12a9560822021e0,evt_f684ba15bba0067a,Kurt Kitayama,PGA,52.4,62.63,27,0.32,1.9500,2.8200,3.0700,
$2K PGA Championship,2020-08-07T10:39:56.114128,estk_f684ba15bba0067a40e1350656ce7a59,evt_f684ba15bba0067a,Brian Stuard,PGA,62.83,62.24,17,0.28,1.9400,4.0900,3.4800,1.0800
$2K PGA Championship,2020-08-07T10:39:56.114128,estk_f684ba15bba0067af37b447062d130d6,evt_f684ba15bba0067a,Mike Lorenzo-Vera,PGA,52.45,61.34,22,0.25,1.8400,3.0800,3.1500,
$2K PGA Championship,2020-08-07T10:39:56.114128,estk_f684ba15bba0067af8fe16d2b4c741cc,evt_f684ba15bba0067a,Emiliano Grillo,PGA,57.48,61.39,20,0.28,1.8000,3.2300,3.2300,
$2K PGA Championship,2020-08-07T10:39:56.114128,estk_f684ba15bba0067a182635c19afda3d2,evt_f684ba15bba0067a,Ryan Palmer,PGA,62.34,60.76,14,0.25,1.7500,3.2900,3.2600,
$2K PGA Championship,2020-08-07T10:39:56.114128,estk_f684ba15bba0067a6c585da9e4b2ba79,evt_f684ba15bba0067a,Tom Lewis,PGA,52.9,60.67,21,0.25,1.7300,2.8400,2.8400,
$2K PGA Championship,2020-08-07T10:39:56.114128,estk_f684ba15bba0067ab3124a1cc05b43be,evt_f684ba15bba0067a,Richy Werenski,PGA,60.11,60.87,20,0.32,1.6700,3.6100,3.0800,
$2K PGA Championship,2020-08-07T10:39:56.114128,estk_f684ba15bba0067aabc28610c0242e1a,evt_f684ba15bba0067a,Phil Mickelson,PGA,58.85,60.14,16,0.25,1.6700,3.3900,3.4000,
$2K PGA Championship,2020-08-07T10:39:56.114128,estk_f684ba15bba0067a404d8fe8b6d05439,evt_f684ba15bba0067a,Andrew Landry,PGA,60.61,59.46,14,0.25,1.5800,3.0800,3.0900,
$2K PGA Championship,2020-08-07T10:39:56.114128,estk_f684ba15bba0067a294a661cf9329079,evt_f684ba15bba0067a,Danny Willett,PGA,61.89,59.42,13,0.25,1.5700,3.0900,3.0800,
$2K PGA Championship,2020-08-07T10:39:56.114128,estk_f684ba15bba0067ae10b01bbeec0220f,evt_f684ba15bba0067a,Jazz Janewattananond,PGA,59.79,59.24,15,0.26,1.5300,2.9900,2.9900,
$2K PGA Championship,2020-08-07T10:39:56.114128,estk_f684ba15bba0067a51313c80a6582bc4,evt_f684ba15bba0067a,Jim Herman,PGA,57.52,59.69,20,0.31,1.5200,3.2000,3.2000,
$2K PGA Championship,2020-08-07T10:39:56.114128,estk_f684ba15bba0067a63ec4e5033098e73,evt_f684ba15bba0067a,Charl Schwartzel,PGA,57.76,58.32,15,0.25,1.4400,2.9800,2.9700,
$2K PGA Championship,2020-08-07T10:39:56.114128,estk_f684ba15bba0067a4f70a08a1a272573,evt_f684ba15bba0067a,Talor Gooch,PGA,54.89,58.87,21,0.31,1.4300,2.9900,2.9900,
$2K PGA Championship,2020-08-07T10:39:56.114128,estk_f684ba15bba0067a24767e7a4d8ae0f3,evt_f684ba15bba0067a,Mark Hubbard,PGA,53.58,58.19,18,0.25,1.4300,2.8900,2.8900,
$2K PGA Championship,2020-08-07T10:39:56.114128,estk_f684ba15bba0067a5936e6a0df92674f,evt_f684ba15bba0067a,Xinjun Zhang,PGA,54.06,58.38,20,0.29,1.4100,2.8900,2.8800,
$2K PGA Championship,2020-08-07T10:39:56.114128,estk_f684ba15bba0067af3ef89e1a34c808f,evt_f684ba15bba0067a,Nick Taylor,PGA,61.02,57.77,12,0.25,1.4000,2.9100,2.9200,
$2K PGA Championship,2020-08-07T10:39:56.114128,estk_f684ba15bba0067aa7bfa7533cb05037,evt_f684ba15bba0067a,Shaun Norris,PGA,51.98,57.87,22,0.31,1.3400,2.8000,2.8000,
$2K PGA Championship,2020-08-07T10:39:56.114128,estk_f684ba15bba0067a087d4d65007a09ad,evt_f684ba15bba0067a,Mackenzie Hughes,PGA,56.13,57.1,15,0.25,1.3300,2.8900,3.0900,
$2K PGA Championship,2020-08-07T10:39:56.114128,estk_f684ba15bba0067abee3de13ab54603a,evt_f684ba15bba0067a,Joost Luiten,PGA,54.31,57.47,20,0.31,1.3100,2.8400,2.8400,
$2K PGA Championship,2020-08-07T10:39:56.114128,estk_f684ba15bba0067a6ece663c59eb1ec8,evt_f684ba15bba0067a,Rob Labritz,PGA,52.69,57.36,21,0.31,1.3000,2.8400,2.8400,
$2K PGA Championship,2020-08-07T10:39:56.114128,estk_f684ba15bba0067a4e3c375c77ca101d,evt_f684ba15bba0067a,Tyler Duncan,PGA,60.82,57.36,16,0.32,1.2900,3.2100,2.9900,
$2K PGA Championship,2020-08-07T10:39:56.114128,estk_f684ba15bba0067acea5bbca25f6bb2d,evt_f684ba15bba0067a,Robert Macintyre,PGA,52.89,56.08,18,0.28,1.2400,2.8100,2.7600,
$2K PGA Championship,2020-08-07T10:39:56.114128,estk_f684ba15bba0067aa9cf9571ae8d1395,evt_f684ba15bba0067a,Adam Long,PGA,53.5,55.13,15,0.25,1.2100,2.8900,2.6900,
$2K PGA Championship,2020-08-07T10:39:56.114128,estk_f684ba15bba0067a6fcfcf07bcce594a,evt_f684ba15bba0067a,Shaun Micheel,PGA,52.08,55.06,16,0.25,1.2100,2.7400,2.7200,
$2K PGA Championship,2020-08-07T10:39:56.114128,estk_f684ba15bba0067a08a1e3f033f987a2,evt_f684ba15bba0067a,Davis Love III,PGA,54.21,55.12,15,0.26,1.2000,2.6900,2.7100,
$2K PGA Championship,2020-08-07T10:39:56.114128,estk_f684ba15bba0067ab2f5bb952e86416d,evt_f684ba15bba0067a,Chan Kim,PGA,51.71,54.78,16,0.25,1.1900,2.6800,2.7500,
$2K PGA Championship,2020-08-07T10:39:56.114128,estk_f684ba15bba0067a096c2790a3afa3ee,evt_f684ba15bba0067a,Lucas Herbert,PGA,52.58,54.44,15,0.25,1.1700,2.8200,2.8300,
$2K PGA Championship,2020-08-07T10:39:56.114128,estk_f684ba15bba0067ab36026958f4d34a8,evt_f684ba15bba0067a,Alex Beach,PGA,51.97,53.98,15,0.25,1.1600,2.6700,2.6700,
$2K PGA Championship,2020-08-07T10:39:56.114128,estk_f684ba15bba0067a39ef7a7fafeac1f7,evt_f684ba15bba0067a,Marcus Kinhult,PGA,52.8,53.6,14,0.25,1.1400,2.7300,2.7200,
$2K PGA Championship,2020-08-07T10:39:56.114128,estk_f684ba15bba0067af94b7e5eca9035c7,evt_f684ba15bba0067a,Cameron Tringale,PGA,52.65,53.91,16,0.28,1.1300,2.8000,2.7400,
$2K PGA Championship,2020-08-07T10:39:56.114128,estk_f684ba15bba0067a6d0bd9aa0fedebf0,evt_f684ba15bba0067a,Marty Jertson,PGA,52.6,53.45,14,0.25,1.1300,2.6600,2.6500,
$2K PGA Championship,2020-08-07T10:39:56.114128,estk_f684ba15bba0067a00820509acef9c11,evt_f684ba15bba0067a,Daniel Balin,PGA,52.04,53.03,14,0.25,1.1200,2.6400,2.6400,
$2K PGA Championship,2020-08-07T10:39:56.114128,estk_f684ba15bba0067acff74b91d0076f04,evt_f684ba15bba0067a,Benjamin Hebert,PGA,52.77,52.58,13,0.25,1.1100,2.6200,2.6200,
$2K PGA Championship,2020-08-07T10:39:56.114128,estk_f684ba15bba0067a0dd7167903c3ff77,evt_f684ba15bba0067a,Rod Perry,PGA,51.17,51.38,13,0.25,1.0700,2.6000,2.5900,
$2K PGA Championship,2020-08-07T10:39:56.114128,estk_f684ba15bba0067ad0bca1044d9af0ab,evt_f684ba15bba0067a,Justin Bertsch,PGA,51.76,48.82,10,0.25,1.0300,2.6800,2.5500,
$2K PGA Championship,2020-08-07T10:39:56.114128,estk_f684ba15bba0067a90b7d0d78beb20ec,evt_f684ba15bba0067a,Jorge Campillo,PGA,51.73,50.18,15,0.32,1.0300,2.6300,2.6300,
$2K PGA Championship,2020-08-07T10:39:56.114128,estk_f684ba15bba0067af2cd7a70ea5c93fc,evt_f684ba15bba0067a,Rich Beem,PGA,52.64,47.48,8,0.25,1.0200,2.5400,2.5400,
$2K PGA Championship,2020-08-07T10:39:56.114128,estk_f684ba15bba0067aa76c14c8bd8dade9,evt_f684ba15bba0067a,Brooks Koepka,PGA,77.56,0,0,1,1.0000,2.5200,2.5200,
$2K PGA Championship,2020-08-07T10:39:56.114128,estk_f684ba15bba0067abd95a61ddc89f373,evt_f684ba15bba0067a,Vaughn Taylor,PGA,0,0,0,1,1.0000,2.5200,2.5200,
$2K PGA Championship,2020-08-07T10:42:57.247114,estk_f684ba15bba0067a8eb46850755a695e,evt_f684ba15bba0067a,Xander Schauffele,PGA,78.03,80.52,22,0.25,10.9200,7.8900,12.2200,9.2100
$2K PGA Championship,2020-08-07T10:42:57.247114,estk_f684ba15bba0067ae0b5b2fc83a00c65,evt_f684ba15bba0067a,Gary Woodland,PGA,78.98,80.23,21,0.25,10.6800,8.4100,12.0600,8.9900
$2K PGA Championship,2020-08-07T10:42:57.247114,estk_f684ba15bba0067a03fcb99bd098267b,evt_f684ba15bba0067a,Patrick Reed,PGA,79.17,80,23,0.28,10.4300,8.4800,12.1100,9.1700
$2K PGA Championship,2020-08-07T10:42:57.247114,estk_f684ba15bba0067ad11048af6a9aa9e4,evt_f684ba15bba0067a,Bryson DeChambeau,PGA,78.8,79.1,20,0.25,9.8200,8.3100,11.5500,8.2800
$2K PGA Championship,2020-08-07T10:42:57.247114,estk_f684ba15bba0067adb5881f101cec470,evt_f684ba15bba0067a,Justin Rose,PGA,75.99,78.99,22,0.25,9.7400,6.8900,11.3200,8.0600
$2K PGA Championship,2020-08-07T10:42:57.247114,estk_f684ba15bba0067af659aa7b5b2176ee,evt_f684ba15bba0067a,Collin Morikawa,PGA,79.54,78.66,19,0.25,9.4700,8.7100,11.1400,7.8100
$2K PGA Championship,2020-08-07T10:42:57.247114,estk_f684ba15bba0067af40801c5943c8d94,evt_f684ba15bba0067a,Jon Rahm,PGA,79.94,77.95,18,0.25,8.9600,8.9500,10.8600,7.3500
$2K PGA Championship,2020-08-07T10:42:57.247114,estk_f684ba15bba0067ac2291b803160b17e,evt_f684ba15bba0067a,Daniel Berger,PGA,75.51,77.63,21,0.25,8.7200,6.6700,10.3300,7.1000
$2K PGA Championship,2020-08-07T10:42:57.247114,estk_f684ba15bba0067a503f60443b3bd112,evt_f684ba15bba0067a,Webb Simpson,PGA,80.61,77.46,17,0.25,8.6500,9.3100,10.2700,6.9300
$2K PGA Championship,2020-08-07T10:42:57.247114,estk_f684ba15bba0067a2203f644cb3905c3,evt_f684ba15bba0067a,Jason Day,PGA,72.42,77.31,23,0.25,8.5200,9.4100,9.9000,7.0800
$2K PGA Championship,2020-08-07T10:42:57.247114,estk_f684ba15bba0067ad84407620d2d9cf0,evt_f684ba15bba0067a,Tony Finau,PGA,75.05,77.29,21,0.25,8.4900,6.4300,9.7800,6.8200
$2K PGA Championship,2020-08-07T10:42:57.247114,estk_f684ba15bba0067a514f8f232f286c88,evt_f684ba15bba0067a,Tiger Woods,PGA,76.3,77.22,20,0.25,8.4400,7.0300,9.7900,7.0400
$2K PGA Championship,2020-08-07T10:42:57.247114,estk_f684ba15bba0067a385c664e153f199a,evt_f684ba15bba0067a,Rory McIlroy,PGA,78.84,77.13,18,0.25,8.4000,8.3200,9.9800,6.7300
$2K PGA Championship,2020-08-07T10:42:57.247114,estk_f684ba15bba0067a6cf2ca706ee5c6ba,evt_f684ba15bba0067a,Zach Johnson,PGA,72.3,76.22,22,0.25,7.8200,5.2600,9.0800,6.1100
$2K PGA Championship,2020-08-07T10:42:57.247114,estk_f684ba15bba0067a277e17576c06f23a,evt_f684ba15bba0067a,Abraham Ancer,PGA,76.31,76.23,19,0.25,7.7600,8.8300,9.1200,6.1100
$2K PGA Championship,2020-08-07T10:42:57.247114,estk_f684ba15bba0067a6e48ec89ea29f9f8,evt_f684ba15bba0067a,Justin Thomas,PGA,78.14,75.61,17,0.25,7.3900,8.6300,8.6300,5.7300
$2K PGA Championship,2020-08-07T10:42:57.247114,estk_f684ba15bba0067a9cb9fc3fe55be3c0,evt_f684ba15bba0067a,Adam Scott,PGA,73.25,74.94,20,0.25,6.9600,7.5200,8.5500,5.4100
$2K PGA Championship,2020-08-07T10:42:57.247114,estk_f684ba15bba0067a3d3360a6372e1b4e,evt_f684ba15bba0067a,Viktor Hovland,PGA,71.54,74.94,22,0.26,6.9400,6.7500,8.5400,4.6300
$2K PGA Championship,2020-08-07T10:42:57.247114,estk_f684ba15bba0067a077d445dd9eef8da,evt_f684ba15bba0067a,Patrick Cantlay,PGA,79.79,74.84,15,0.25,6.8600,8.0900,8.4200,5.2800
$2K PGA Championship,2020-08-07T10:42:57.248111,estk_f684ba15bba0067a33ae0bbc78db2949,evt_f684ba15bba0067a,Dustin Johnson,PGA,73.92,74.44,19,0.25,6.6500,7.7900,8.2900,5.2400
$2K PGA Championship,2020-08-07T10:42:57.248111,estk_f684ba15bba0067a527c5abfc1093b26,evt_f684ba15bba0067a,Hideki Matsuyama,PGA,73.23,74.19,20,0.26,6.5000,7.4600,7.6100,4.8200
$2K PGA Championship,2020-08-07T10:42:57.248111,estk_f684ba15bba0067adda748b4200f22bf,evt_f684ba15bba0067a,Paul Casey,PGA,71.81,73.86,20,0.25,6.3000,8.5800,7.9300,5.3300
$2K PGA Championship,2020-08-07T10:42:57.248111,estk_f684ba15bba0067a6db374755563ce83,evt_f684ba15bba0067a,Bubba Watson,PGA,74.72,73.8,20,0.28,6.2100,6.2900,7.8200,4.8500
$2K PGA Championship,2020-08-07T10:42:57.248111,estk_f684ba15bba0067a3116b24358a8f507,evt_f684ba15bba0067a,Louis Oosthuizen,PGA,73.68,73.26,18,0.25,5.9500,7.0900,7.3700,4.3600
$2K PGA Championship,2020-08-07T10:42:57.248111,estk_f684ba15bba0067a5e6a5c337da2b39d,evt_f684ba15bba0067a,Matthias Schwab,PGA,71.94,72.95,19,0.25,5.8200,7.0300,7.0300,4.2800
$2K PGA Championship,2020-08-07T10:42:57.248111,estk_f684ba15bba0067a58f9d59b6d1e50b5,evt_f684ba15bba0067a,Kevin Streelman,PGA,70.04,72.83,21,0.26,5.6800,6.9300,6.9300,4.1100
$2K PGA Championship,2020-08-07T10:42:57.248111,estk_f684ba15bba0067a60e6f2aa7e058964,evt_f684ba15bba0067a,Tommy Fleetwood,PGA,71.2,72.69,20,0.26,5.6500,6.6000,7.2200,4.0000
$2K PGA Championship,2020-08-07T10:42:57.248111,estk_f684ba15bba0067afe200133ec8a6c41,evt_f684ba15bba0067a,Tyrrell Hatton,PGA,75.11,72.33,16,0.25,5.4700,6.8600,6.8600,3.8800
$2K PGA Championship,2020-08-07T10:42:57.248111,estk_f684ba15bba0067adc1e23aa4cb30164,evt_f684ba15bba0067a,Marc Leishman,PGA,72.48,72.36,18,0.25,5.4700,7.1600,7.1200,4.5600
$2K PGA Championship,2020-08-07T10:42:57.248111,estk_f684ba15bba0067a170130e9fa731e23,evt_f684ba15bba0067a,Jason Kokrak,PGA,71.03,72.27,19,0.25,5.4600,6.5700,6.6500,3.8500
$2K PGA Championship,2020-08-07T10:42:57.248111,estk_f684ba15bba0067a4fd2025821f57a83,evt_f684ba15bba0067a,Brendon Todd,PGA,65.31,71.98,23,0.25,5.3000,5.7400,6.8800,3.6800
$2K PGA Championship,2020-08-07T10:42:57.248111,estk_f684ba15bba0067aff6618d36b623f5c,evt_f684ba15bba0067a,Scottie Scheffler,PGA,66.52,71.89,22,0.25,5.2600,6.4900,6.4900,3.7700
$2K PGA Championship,2020-08-07T10:42:57.248111,estk_f684ba15bba0067a99495eb9a3c8aa25,evt_f684ba15bba0067a,Kevin Kisner,PGA,67.35,71.51,21,0.25,5.0400,6.3700,6.3700,3.4800
$2K PGA Championship,2020-08-07T10:42:57.248111,estk_f684ba15bba0067a4e5af02280177635,evt_f684ba15bba0067a,Si Woo Kim,PGA,69.7,71.28,19,0.25,4.9400,6.5800,6.4000,3.8700
$2K PGA Championship,2020-08-07T10:42:57.248111,estk_f684ba15bba0067a6ef252b94400baa3,evt_f684ba15bba0067a,Adam Hadwin,PGA,70.55,71.09,21,0.29,4.7700,7.5000,6.7000,3.1600
$2K PGA Championship,2020-08-07T10:42:57.248111,estk_f684ba15bba0067a694b41dae4b8654f,evt_f684ba15bba0067a,Lucas Glover,PGA,71.79,70.84,17,0.25,4.7500,5.9000,5.9000,3.1500
$2K PGA Championship,2020-08-07T10:42:57.248111,estk_f684ba15bba0067ae64a0e6fb2b31683,evt_f684ba15bba0067a,Rafa Cabrera Bello,PGA,72.99,70.74,16,0.25,4.7000,6.0700,6.0700,3.1600
$2K PGA Championship,2020-08-07T10:42:57.248111,estk_f684ba15bba0067a1c0e9cf8ef9eccd9,evt_f684ba15bba0067a,Matthew Wolff,PGA,70.62,70.85,20,0.28,4.6600,6.8800,6.2600,3.8100
$2K PGA Championship,2020-08-07T10:42:57.248111,estk_f684ba15bba0067ae84f621105202612,evt_f684ba15bba0067a,Matt Kuchar,PGA,71.49,70.62,17,0.25,4.6300,5.7800,6.2400,3.3000
$2K PGA Championship,2020-08-07T10:42:57.248111,estk_f684ba15bba0067ada24800f4e7e1bae,evt_f684ba15bba0067a,Hao-Tong Li,PGA,61.29,70.68,29,0.32,4.5200,4.3200,6.0900,2.3600
$2K PGA Championship,2020-08-07T10:42:57.248111,estk_f684ba15bba0067a1ca8635140548cc5,evt_f684ba15bba0067a,Harris English,PGA,68.35,70.26,19,0.25,4.4900,5.5900,5.7100,2.9000
$2K PGA Championship,2020-08-07T10:42:57.248111,estk_f684ba15bba0067a800e5acffcb2c354,evt_f684ba15bba0067a,Bud Cauley,PGA,64.27,70.2,22,0.25,4.4500,5.8800,5.9000,3.4400
$2K PGA Championship,2020-08-07T10:42:57.248111,estk_f684ba15bba0067aa8b79a109f7cf8a2,evt_f684ba15bba0067a,Byeong Hun An,PGA,72.66,70.14,20,0.31,4.2800,6.5700,5.9800,3.5200
$2K PGA Championship,2020-08-07T10:42:57.248111,estk_f684ba15bba0067a467812ddab873919,evt_f684ba15bba0067a,J.T. Poston,PGA,67.2,69.71,22,0.29,4.1700,6.5300,5.6100,3.1600
$2K PGA Championship,2020-08-07T10:42:57.248111,estk_f684ba15bba0067ac154ddb42321dda7,evt_f684ba15bba0067a,Victor Perez,PGA,68.39,69.29,18,0.25,4.0700,5.5300,5.5600,2.6000
$2K PGA Championship,2020-08-07T10:42:57.248111,estk_f684ba15bba0067a3544479351e1ff63,evt_f684ba15bba0067a,Billy Horschel,PGA,67.26,69.43,21,0.28,4.0400,6.1400,5.6200,3.0800
$2K PGA Championship,2020-08-07T10:42:57.248111,estk_f684ba15bba0067a1fc545ba8ac8cb0b,evt_f684ba15bba0067a,Rory Sabbatini,PGA,69.68,69.26,17,0.25,4.0200,5.3700,5.3700,2.4800
$2K PGA Championship,2020-08-07T10:42:57.248111,estk_f684ba15bba0067a275b00a4c6134775,evt_f684ba15bba0067a,Rickie Fowler,PGA,72.08,69.06,15,0.25,3.9700,5.5500,5.5300,2.4900
$2K PGA Championship,2020-08-07T10:42:57.248111,estk_f684ba15bba0067a8e366112314840d7,evt_f684ba15bba0067a,Keegan Bradley,PGA,70.32,69.04,17,0.26,3.9200,5.0100,5.5000,2.5000
$2K PGA Championship,2020-08-07T10:42:57.248111,estk_f684ba15bba0067af8ddff16f2dbed28,evt_f684ba15bba0067a,Corey Conners,PGA,66.3,68.72,19,0.25,3.8400,4.9700,4.9700,2.2500
$2K PGA Championship,2020-08-07T10:42:57.248111,estk_f684ba15bba0067a7c4bd9c5a9725b31,evt_f684ba15bba0067a,Kevin Na,PGA,67.86,68.86,20,0.28,3.8200,4.9400,5.4300,2.4800
$2K PGA Championship,2020-08-07T10:42:57.248111,estk_f684ba15bba0067ac084ad91aa7b325e,evt_f684ba15bba0067a,Brendan Steele,PGA,62.15,68.61,22,0.25,3.7800,5.1100,5.1100,2.2300
$2K PGA Championship,2020-08-07T10:42:57.248111,estk_f684ba15bba0067af0b722aa359b7f95,evt_f684ba15bba0067a,Scott Piercy,PGA,67.18,68.39,18,0.25,3.7100,5.1400,5.1400,2.6000
$2K PGA Championship,2020-08-07T10:42:57.248111,estk_f684ba15bba0067a2ab98d8a9a770fd5,evt_f684ba15bba0067a,Jordan Spieth,PGA,70.98,68.23,15,0.25,3.6600,5.0700,5.0700,2.6100
$2K PGA Championship,2020-08-07T10:42:57.248111,estk_f684ba15bba0067abf5c4810745af2e6,evt_f684ba15bba0067a,Matthew Fitzpatrick,PGA,72.05,68.04,14,0.25,3.5700,5.0600,5.0600,2.4900
$2K PGA Championship,2020-08-07T10:42:57.248111,estk_f684ba15bba0067aa469dfc58a110587,evt_f684ba15bba0067a,Brian Harman,PGA,63.95,67.96,20,0.25,3.5400,4.9700,4.9700,1.9900
$2K PGA Championship,2020-08-07T10:42:57.248111,estk_f684ba15bba0067a6fa5553da61e1d4f,evt_f684ba15bba0067a,Joel Dahmen,PGA,65.08,67.81,19,0.25,3.4900,4.7100,4.7100,2.3600
$2K PGA Championship,2020-08-07T10:42:57.248111,estk_f684ba15bba0067aa251d6b9cc0a07e5,evt_f684ba15bba0067a,Sungjae Im,PGA,72.23,67.84,18,0.31,3.3900,6.3700,4.9400,2.3900
$2K PGA Championship,2020-08-07T10:42:57.248111,estk_f684ba15bba0067a382b1670443dcf6e,evt_f684ba15bba0067a,Keith Mitchell,PGA,63.23,67.42,20,0.25,3.3600,4.4300,4.5700,1.8000
$2K PGA Championship,2020-08-07T10:42:57.248111,estk_f684ba15bba0067ad8f0d69f88d3691a,evt_f684ba15bba0067a,Doc Redman,PGA,69.58,67.19,15,0.25,3.2700,5.2400,5.1100,2.3200
$2K PGA Championship,2020-08-07T10:42:57.248111,estk_f684ba15bba0067a7ab7cd0f0adea4a7,evt_f684ba15bba0067a,Cameron Smith,PGA,66.57,66.93,17,0.25,3.2200,5.3100,4.6400,2.2400
$2K PGA Championship,2020-08-07T10:42:57.248111,estk_f684ba15bba0067a727afcd55bf28e15,evt_f684ba15bba0067a,Brandt Snedeker,PGA,69.33,67.22,18,0.29,3.2000,5.8700,5.0300,2.2800
$2K PGA Championship,2020-08-07T10:42:57.248111,estk_f684ba15bba0067aa5e32548021abe19,evt_f684ba15bba0067a,Chez Reavie,PGA,66.46,66.84,17,0.25,3.1500,4.6500,4.6500,1.9100
$2K PGA Championship,2020-08-07T10:42:57.248111,estk_f684ba15bba0067a1e0083f260619709,evt_f684ba15bba0067a,Sebastian Munoz,PGA,66.31,66.73,17,0.25,3.1300,4.9500,4.7200,2.2100
$2K PGA Championship,2020-08-07T10:42:57.248111,estk_f684ba15bba0067a56b30a8e6f7d54f5,evt_f684ba15bba0067a,Henrik Stenson,PGA,64.92,66.69,18,0.25,3.1100,4.5600,4.5600,2.1700
$2K PGA Championship,2020-08-07T10:42:57.248111,estk_f684ba15bba0067a88df85a652008d25,evt_f684ba15bba0067a,Shane Lowry,PGA,62.07,66.55,20,0.25,3.0800,4.4800,4.5500,1.5100
$2K PGA Championship,2020-08-07T10:42:57.248111,estk_f684ba15bba0067a5568e0a9fa2706a5,evt_f684ba15bba0067a,Jimmy Walker,PGA,68.37,66.59,16,0.26,3.0600,5.8700,4.7500,1.7600
$2K PGA Championship,2020-08-07T10:42:57.248111,estk_f684ba15bba0067a439e82932be18fd4,evt_f684ba15bba0067a,Ian Poulter,PGA,68.59,66.44,15,0.25,3.0300,5.1600,4.6300,1.5100
$2K PGA Championship,2020-08-07T10:42:57.248111,estk_f684ba15bba0067a3669473c95ba1329,evt_f684ba15bba0067a,C.T. Pan,PGA,66.8,66.1,16,0.25,2.9300,4.3900,4.4300,1.6600
$2K PGA Championship,2020-08-07T10:42:57.248111,estk_f684ba15bba0067a257030afd2041ec6,evt_f684ba15bba0067a,Erik Van Rooyen,PGA,65.37,66.03,17,0.25,2.9000,4.1500,4.1200,1.7100
$2K PGA Championship,2020-08-07T10:42:57.248111,estk_f684ba15bba0067a56ab6ba90ba02e56,evt_f684ba15bba0067a,Joaquin Niemann,PGA,70.79,66.26,16,0.29,2.8900,4.8600,4.4400,1.8500
$2K PGA Championship,2020-08-07T10:42:57.248111,estk_f684ba15bba0067a231a4d3b434acb3f,evt_f684ba15bba0067a,Dylan Frittelli,PGA,63.93,65.95,18,0.25,2.8900,4.3500,4.3500,1.5800
$2K PGA Championship,2020-08-07T10:42:57.248111,estk_f684ba15bba0067a4be0d7fc77429fae,evt_f684ba15bba0067a,Sepp Straka,PGA,63.75,65.81,18,0.25,2.8400,4.2900,4.0600,1.6500
$2K PGA Championship,2020-08-07T10:42:57.248111,estk_f684ba15bba0067a1d4f740cf9f348cc,evt_f684ba15bba0067a,Wyndham Clark,PGA,65,65.75,17,0.25,2.8300,4.0300,4.7000,1.5400
$2K PGA Championship,2020-08-07T10:42:57.248111,estk_f684ba15bba0067a499f65e84c5a381b,evt_f684ba15bba0067a,Jim Furyk,PGA,65,65.8,19,0.28,2.7800,4.6000,4.4700,1.7700
$2K PGA Championship,2020-08-07T10:42:57.248111,estk_f684ba15bba0067a3106b19cb24df156,evt_f684ba15bba0067a,Bernd Wiesberger,PGA,60.79,65.59,20,0.25,2.7700,4.2000,4.2000,1.2300
$2K PGA Championship,2020-08-07T10:42:57.248111,estk_f684ba15bba0067ace48a1d2ca0c1d77,evt_f684ba15bba0067a,Andrew Putnam,PGA,67.23,65.42,15,0.25,2.7400,4.2000,4.2100,1.7600
$2K PGA Championship,2020-08-07T10:42:57.248111,estk_f684ba15bba0067a3a3fd2efe45d4190,evt_f684ba15bba0067a,Harold Varner III,PGA,65.85,65.75,19,0.29,2.7300,4.8200,4.2300,1.7000
$2K PGA Championship,2020-08-07T10:42:57.248111,estk_f684ba15bba0067aa994dc6df42c2b1e,evt_f684ba15bba0067a,Nate Lashley,PGA,61.35,65.01,19,0.25,2.6200,3.8200,3.8200,1.0700
$2K PGA Championship,2020-08-07T10:42:57.248111,estk_f684ba15bba0067adc45886d5b7d7c1b,evt_f684ba15bba0067a,Russell Henley,PGA,63.67,64.75,17,0.25,2.5500,3.7700,3.7700,1.0300
$2K PGA Championship,2020-08-07T10:42:57.248111,estk_f684ba15bba0067aaf335bc9711cd18a,evt_f684ba15bba0067a,Lanto Griffin,PGA,57.83,64.9,25,0.31,2.4700,3.2900,3.8100,
$2K PGA Championship,2020-08-07T10:42:57.248111,estk_f684ba15bba0067aa2ae7a7605b3a52e,evt_f684ba15bba0067a,Denny McCarthy,PGA,61.69,64.27,18,0.25,2.4500,4.3500,4.1200,1.4100
$2K PGA Championship,2020-08-07T10:42:57.248111,estk_f684ba15bba0067a2f70583fd032316f,evt_f684ba15bba0067a,Max Homa,PGA,66.91,64.18,14,0.25,2.4200,3.9200,3.9200,1.3600
$2K PGA Championship,2020-08-07T10:42:57.248111,estk_f684ba15bba0067a2417e84cbbd5324d,evt_f684ba15bba0067a,Luke List,PGA,64.32,64.24,16,0.25,2.4200,3.8800,3.8800,1.1100
$2K PGA Championship,2020-08-07T10:42:57.248111,estk_f684ba15bba0067af1c1c5d688ad50b6,evt_f684ba15bba0067a,Danny Lee,PGA,60.21,64.16,19,0.25,2.4000,3.6000,3.6000,
$2K PGA Championship,2020-08-07T10:42:57.248111,estk_f684ba15bba0067a3f67e338f06084d7,evt_f684ba15bba0067a,Troy Merritt,PGA,65.54,64.16,15,0.25,2.3900,4.7000,3.9400,1.5800
$2K PGA Championship,2020-08-07T10:42:57.248111,estk_f684ba15bba0067a43668873521e8e14,evt_f684ba15bba0067a,Matt Wallace,PGA,62.86,64.14,17,0.25,2.3900,4.6200,3.9600,1.5600
$2K PGA Championship,2020-08-07T10:42:57.248111,estk_f684ba15bba0067a8c0c59e9f95a36fc,evt_f684ba15bba0067a,Graeme McDowell,PGA,64.26,64.27,18,0.28,2.3700,3.8500,3.8700,1.3700
$2K PGA Championship,2020-08-07T10:42:57.248111,estk_f684ba15bba0067aff712a532f406304,evt_f684ba15bba0067a,Cameron Champ,PGA,62.34,63.76,17,0.25,2.3100,3.9900,3.9700,1.1600
$2K PGA Championship,2020-08-07T10:42:57.248111,estk_f684ba15bba0067adc553a6f4de18227,evt_f684ba15bba0067a,Martin Kaymer,PGA,55.35,63.51,22,0.25,2.2500,3.7700,3.7500,1.2000
$2K PGA Championship,2020-08-07T10:42:57.248111,estk_f684ba15bba0067a9d863c21b98c587e,evt_f684ba15bba0067a,Christiaan Bezuidenhout,PGA,59.72,64.01,24,0.33,2.2300,3.2900,3.2900,
$2K PGA Championship,2020-08-07T10:42:57.248111,estk_f684ba15bba0067a0811efeafb376fee,evt_f684ba15bba0067a,Michael Thompson,PGA,61.64,63.23,17,0.25,2.1800,3.3600,3.3600,
$2K PGA Championship,2020-08-07T10:42:57.248111,estk_f684ba15bba0067aae4992823c10a96e,evt_f684ba15bba0067a,Carlos Ortiz,PGA,62.81,63.11,16,0.25,2.1700,3.7000,3.6800,1.2000
$2K PGA Championship,2020-08-07T10:42:57.248111,estk_f684ba15bba0067aa0281ba5dadc7019,evt_f684ba15bba0067a,Matt Jones,PGA,59.61,63.11,19,0.26,2.1400,3.5200,3.5200,1.2000
$2K PGA Championship,2020-08-07T10:42:57.248111,estk_f684ba15bba0067a01c765712de170ec,evt_f684ba15bba0067a,Sung Kang,PGA,59.94,62.95,18,0.25,2.1300,3.5800,3.5800,1.2000
$2K PGA Championship,2020-08-07T10:42:57.248111,estk_f684ba15bba0067a01a6a725cac7711c,evt_f684ba15bba0067a,Sergio Garcia,PGA,63.4,62.55,15,0.25,2.0700,3.2400,3.2300,
$2K PGA Championship,2020-08-07T10:42:57.248111,estk_f684ba15bba0067a6e6bae282dbde85d,evt_f684ba15bba0067a,Jason Dufner,PGA,59.37,62.53,18,0.25,2.0500,3.5400,3.5400,
$2K PGA Championship,2020-08-07T10:42:57.248111,estk_f684ba15bba0067ac336cb83de20d635,evt_f684ba15bba0067a,Steve Stricker,PGA,61.93,62.45,16,0.25,2.0300,3.5500,3.5600,1.1800
$2K PGA Championship,2020-08-07T10:42:57.248111,estk_f684ba15bba0067aa76ce6b76eb4f61c,evt_f684ba15bba0067a,Tom Hoge,PGA,61.52,62.14,16,0.25,1.9800,3.4900,3.5000,
$2K PGA Championship,2020-08-07T10:42:57.248111,estk_f684ba15bba0067a40e1350656ce7a59,evt_f684ba15bba0067a,Brian Stuard,PGA,62.83,62.24,17,0.28,1.9500,4.0900,3.4800,1.0800
$2K PGA Championship,2020-08-07T10:42:57.248111,estk_f684ba15bba0067af12a9560822021e0,evt_f684ba15bba0067a,Kurt Kitayama,PGA,52.4,62.63,27,0.32,1.9500,2.8200,3.0700,
$2K PGA Championship,2020-08-07T10:42:57.248111,estk_f684ba15bba0067af37b447062d130d6,evt_f684ba15bba0067a,Mike Lorenzo-Vera,PGA,52.45,61.34,22,0.25,1.8400,3.0800,3.1500,
$2K PGA Championship,2020-08-07T10:42:57.248111,estk_f684ba15bba0067af8fe16d2b4c741cc,evt_f684ba15bba0067a,Emiliano Grillo,PGA,57.48,61.39,20,0.28,1.8000,3.2300,3.2300,
$2K PGA Championship,2020-08-07T10:42:57.248111,estk_f684ba15bba0067a182635c19afda3d2,evt_f684ba15bba0067a,Ryan Palmer,PGA,62.34,60.76,14,0.25,1.7500,3.2900,3.2600,
$2K PGA Championship,2020-08-07T10:42:57.248111,estk_f684ba15bba0067a6c585da9e4b2ba79,evt_f684ba15bba0067a,Tom Lewis,PGA,52.9,60.67,21,0.25,1.7200,2.8400,2.8400,
$2K PGA Championship,2020-08-07T10:42:57.248111,estk_f684ba15bba0067aabc28610c0242e1a,evt_f684ba15bba0067a,Phil Mickelson,PGA,58.85,60.14,16,0.25,1.6600,3.3900,3.4000,
$2K PGA Championship,2020-08-07T10:42:57.248111,estk_f684ba15bba0067ab3124a1cc05b43be,evt_f684ba15bba0067a,Richy Werenski,PGA,60.11,60.87,20,0.32,1.6500,3.6100,3.0800,
$2K PGA Championship,2020-08-07T10:42:57.248111,estk_f684ba15bba0067a404d8fe8b6d05439,evt_f684ba15bba0067a,Andrew Landry,PGA,60.61,59.46,14,0.25,1.5700,3.0800,3.0900,
$2K PGA Championship,2020-08-07T10:42:57.248111,estk_f684ba15bba0067a294a661cf9329079,evt_f684ba15bba0067a,Danny Willett,PGA,61.89,59.42,13,0.25,1.5600,3.0900,3.0800,
$2K PGA Championship,2020-08-07T10:42:57.248111,estk_f684ba15bba0067ae10b01bbeec0220f,evt_f684ba15bba0067a,Jazz Janewattananond,PGA,59.79,59.24,15,0.26,1.5300,2.9900,2.9900,
$2K PGA Championship,2020-08-07T10:42:57.248111,estk_f684ba15bba0067a51313c80a6582bc4,evt_f684ba15bba0067a,Jim Herman,PGA,57.52,59.69,20,0.31,1.5300,3.2000,3.2000,
$2K PGA Championship,2020-08-07T10:42:57.248111,estk_f684ba15bba0067a63ec4e5033098e73,evt_f684ba15bba0067a,Charl Schwartzel,PGA,57.76,58.32,15,0.25,1.4500,2.9800,2.9700,
$2K PGA Championship,2020-08-07T10:42:57.248111,estk_f684ba15bba0067a4f70a08a1a272573,evt_f684ba15bba0067a,Talor Gooch,PGA,54.89,58.87,21,0.31,1.4400,2.9900,2.9900,
$2K PGA Championship,2020-08-07T10:42:57.248111,estk_f684ba15bba0067a24767e7a4d8ae0f3,evt_f684ba15bba0067a,Mark Hubbard,PGA,53.58,58.19,18,0.25,1.4400,2.8900,2.8900,
$2K PGA Championship,2020-08-07T10:42:57.248111,estk_f684ba15bba0067a5936e6a0df92674f,evt_f684ba15bba0067a,Xinjun Zhang,PGA,54.06,58.38,20,0.29,1.4100,2.8900,2.8800,
$2K PGA Championship,2020-08-07T10:42:57.248111,estk_f684ba15bba0067af3ef89e1a34c808f,evt_f684ba15bba0067a,Nick Taylor,PGA,61.02,57.77,12,0.25,1.3900,2.9100,2.9200,
$2K PGA Championship,2020-08-07T10:42:57.248111,estk_f684ba15bba0067aa7bfa7533cb05037,evt_f684ba15bba0067a,Shaun Norris,PGA,51.98,57.87,22,0.31,1.3400,2.8000,2.8000,
$2K PGA Championship,2020-08-07T10:42:57.248111,estk_f684ba15bba0067a087d4d65007a09ad,evt_f684ba15bba0067a,Mackenzie Hughes,PGA,56.13,57.1,15,0.25,1.3300,2.8900,3.0900,
$2K PGA Championship,2020-08-07T10:42:57.248111,estk_f684ba15bba0067abee3de13ab54603a,evt_f684ba15bba0067a,Joost Luiten,PGA,54.31,57.47,20,0.31,1.3100,2.8400,2.8400,
$2K PGA Championship,2020-08-07T10:42:57.248111,estk_f684ba15bba0067a6ece663c59eb1ec8,evt_f684ba15bba0067a,Rob Labritz,PGA,52.69,57.36,21,0.31,1.3000,2.8400,2.8400,
$2K PGA Championship,2020-08-07T10:42:57.248111,estk_f684ba15bba0067a4e3c375c77ca101d,evt_f684ba15bba0067a,Tyler Duncan,PGA,60.82,57.36,16,0.32,1.2900,3.2100,2.9900,
$2K PGA Championship,2020-08-07T10:42:57.248111,estk_f684ba15bba0067acea5bbca25f6bb2d,evt_f684ba15bba0067a,Robert Macintyre,PGA,52.89,56.08,18,0.28,1.2400,2.8100,2.7600,
$2K PGA Championship,2020-08-07T10:42:57.248111,estk_f684ba15bba0067a6fcfcf07bcce594a,evt_f684ba15bba0067a,Shaun Micheel,PGA,52.08,55.06,16,0.25,1.2100,2.7400,2.7200,
$2K PGA Championship,2020-08-07T10:42:57.248111,estk_f684ba15bba0067a08a1e3f033f987a2,evt_f684ba15bba0067a,Davis Love III,PGA,54.21,55.12,15,0.26,1.2000,2.6900,2.7100,
$2K PGA Championship,2020-08-07T10:42:57.248111,estk_f684ba15bba0067aa9cf9571ae8d1395,evt_f684ba15bba0067a,Adam Long,PGA,53.5,55.13,15,0.25,1.2000,2.8900,2.6900,
$2K PGA Championship,2020-08-07T10:42:57.248111,estk_f684ba15bba0067ab2f5bb952e86416d,evt_f684ba15bba0067a,Chan Kim,PGA,51.71,54.78,16,0.25,1.1900,2.6800,2.7500,
$2K PGA Championship,2020-08-07T10:42:57.248111,estk_f684ba15bba0067a096c2790a3afa3ee,evt_f684ba15bba0067a,Lucas Herbert,PGA,52.58,54.44,15,0.25,1.1700,2.8200,2.8300,
$2K PGA Championship,2020-08-07T10:42:57.248111,estk_f684ba15bba0067ab36026958f4d34a8,evt_f684ba15bba0067a,Alex Beach,PGA,51.97,53.98,15,0.25,1.1500,2.6700,2.6700,
$2K PGA Championship,2020-08-07T10:42:57.248111,estk_f684ba15bba0067a39ef7a7fafeac1f7,evt_f684ba15bba0067a,Marcus Kinhult,PGA,52.8,53.6,14,0.25,1.1400,2.7300,2.7200,
$2K PGA Championship,2020-08-07T10:42:57.248111,estk_f684ba15bba0067a6d0bd9aa0fedebf0,evt_f684ba15bba0067a,Marty Jertson,PGA,52.6,53.45,14,0.25,1.1400,2.6600,2.6500,
$2K PGA Championship,2020-08-07T10:42:57.248111,estk_f684ba15bba0067af94b7e5eca9035c7,evt_f684ba15bba0067a,Cameron Tringale,PGA,52.65,53.91,16,0.28,1.1300,2.8000,2.7400,
$2K PGA Championship,2020-08-07T10:42:57.248111,estk_f684ba15bba0067a00820509acef9c11,evt_f684ba15bba0067a,Daniel Balin,PGA,52.04,53.03,14,0.25,1.1200,2.6400,2.6400,
$2K PGA Championship,2020-08-07T10:42:57.248111,estk_f684ba15bba0067acff74b91d0076f04,evt_f684ba15bba0067a,Benjamin Hebert,PGA,52.77,52.58,13,0.25,1.1000,2.6200,2.6200,
$2K PGA Championship,2020-08-07T10:42:57.248111,estk_f684ba15bba0067a0dd7167903c3ff77,evt_f684ba15bba0067a,Rod Perry,PGA,51.17,51.38,13,0.25,1.0700,2.6000,2.5900,
$2K PGA Championship,2020-08-07T10:42:57.248111,estk_f684ba15bba0067ad0bca1044d9af0ab,evt_f684ba15bba0067a,Justin Bertsch,PGA,51.76,48.82,10,0.25,1.0300,2.6800,2.5500,
$2K PGA Championship,2020-08-07T10:42:57.248111,estk_f684ba15bba0067a90b7d0d78beb20ec,evt_f684ba15bba0067a,Jorge Campillo,PGA,51.73,50.18,15,0.32,1.0300,2.6300,2.6300,
$2K PGA Championship,2020-08-07T10:42:57.248111,estk_f684ba15bba0067af2cd7a70ea5c93fc,evt_f684ba15bba0067a,Rich Beem,PGA,52.64,47.48,8,0.25,1.0200,2.5400,2.5400,
$2K PGA Championship,2020-08-07T10:42:57.248111,estk_f684ba15bba0067aa76c14c8bd8dade9,evt_f684ba15bba0067a,Brooks Koepka,PGA,77.56,0,0,1,1.0000,2.5200,2.5200,
$2K PGA Championship,2020-08-07T10:42:57.248111,estk_f684ba15bba0067abd95a61ddc89f373,evt_f684ba15bba0067a,Vaughn Taylor,PGA,0,0,0,1,1.0000,2.5200,2.5200,
$2K PGA Championship,2020-08-07T15:48:49.559612,estk_f684ba15bba0067a8eb46850755a695e,evt_f684ba15bba0067a,Xander Schauffele,PGA,78.03,80.52,22,0.25,10.9400,7.8900,12.2200,9.2100
$2K PGA Championship,2020-08-07T15:48:49.559640,estk_f684ba15bba0067ad11048af6a9aa9e4,evt_f684ba15bba0067a,Bryson DeChambeau,PGA,78.8,80.31,22,0.26,10.7400,8.3100,12.4200,8.2800
$2K PGA Championship,2020-08-07T15:48:49.559645,estk_f684ba15bba0067ae0b5b2fc83a00c65,evt_f684ba15bba0067a,Gary Woodland,PGA,78.98,80.23,21,0.25,10.6900,8.4100,12.0600,8.9900
$2K PGA Championship,2020-08-07T15:48:49.559649,estk_f684ba15bba0067a03fcb99bd098267b,evt_f684ba15bba0067a,Patrick Reed,PGA,79.17,79.21,23,0.29,9.8100,8.4800,11.6000,8.7800
$2K PGA Championship,2020-08-07T15:48:49.559653,estk_f684ba15bba0067adb5881f101cec470,evt_f684ba15bba0067a,Justin Rose,PGA,75.99,78.99,22,0.25,9.7600,6.8900,11.3200,8.0600
$2K PGA Championship,2020-08-07T15:48:49.559658,estk_f684ba15bba0067af659aa7b5b2176ee,evt_f684ba15bba0067a,Collin Morikawa,PGA,79.54,78.66,19,0.25,9.4800,8.7100,11.1400,7.8100
$2K PGA Championship,2020-08-07T15:48:49.559662,estk_f684ba15bba0067af40801c5943c8d94,evt_f684ba15bba0067a,Jon Rahm,PGA,79.94,77.95,18,0.25,8.9600,8.9500,10.8600,7.3500
$2K PGA Championship,2020-08-07T15:48:49.559666,estk_f684ba15bba0067ac2291b803160b17e,evt_f684ba15bba0067a,Daniel Berger,PGA,75.51,77.63,21,0.25,8.7500,6.6700,10.3300,7.1000
$2K PGA Championship,2020-08-07T15:48:49.559669,estk_f684ba15bba0067a503f60443b3bd112,evt_f684ba15bba0067a,Webb Simpson,PGA,80.61,77.46,17,0.25,8.6300,9.3100,10.2700,6.9300
$2K PGA Championship,2020-08-07T15:48:49.559674,estk_f684ba15bba0067a2203f644cb3905c3,evt_f684ba15bba0067a,Jason Day,PGA,72.42,77.31,23,0.25,8.5100,9.4100,9.9000,7.0800
$2K PGA Championship,2020-08-07T15:48:49.559678,estk_f684ba15bba0067ad84407620d2d9cf0,evt_f684ba15bba0067a,Tony Finau,PGA,75.05,77.29,21,0.25,8.4900,6.4300,9.7800,6.8600
$2K PGA Championship,2020-08-07T15:48:49.559682,estk_f684ba15bba0067a514f8f232f286c88,evt_f684ba15bba0067a,Tiger Woods,PGA,76.3,77.22,20,0.25,8.4800,7.0300,9.7900,7.0400
$2K PGA Championship,2020-08-07T15:48:49.559685,estk_f684ba15bba0067a385c664e153f199a,evt_f684ba15bba0067a,Rory McIlroy,PGA,78.84,77.13,18,0.25,8.3700,8.3200,9.9800,6.7300
$2K PGA Championship,2020-08-07T15:48:49.559689,estk_f684ba15bba0067a277e17576c06f23a,evt_f684ba15bba0067a,Abraham Ancer,PGA,76.31,76.23,19,0.25,7.7700,8.8300,9.1200,6.1100
$2K PGA Championship,2020-08-07T15:48:49.559693,estk_f684ba15bba0067a9cb9fc3fe55be3c0,evt_f684ba15bba0067a,Adam Scott,PGA,73.25,76.2,22,0.26,7.7500,7.5200,9.3700,6.0700
$2K PGA Championship,2020-08-07T15:48:49.559696,estk_f684ba15bba0067a6cf2ca706ee5c6ba,evt_f684ba15bba0067a,Zach Johnson,PGA,72.3,76.22,22,0.25,7.7200,5.2600,9.0800,6.1100
$2K PGA Championship,2020-08-07T15:48:49.559700,estk_f684ba15bba0067a6e48ec89ea29f9f8,evt_f684ba15bba0067a,Justin Thomas,PGA,78.14,75.61,17,0.25,7.3900,8.6300,8.6300,5.7300
$2K PGA Championship,2020-08-07T15:48:49.559704,estk_f684ba15bba0067a077d445dd9eef8da,evt_f684ba15bba0067a,Patrick Cantlay,PGA,79.79,74.84,15,0.25,6.9200,8.0900,8.4200,5.2800
$2K PGA Championship,2020-08-07T15:48:49.559708,estk_f684ba15bba0067a33ae0bbc78db2949,evt_f684ba15bba0067a,Dustin Johnson,PGA,73.92,74.44,19,0.25,6.6700,7.7900,8.2900,5.2400
$2K PGA Championship,2020-08-07T15:48:49.559711,estk_f684ba15bba0067a3d3360a6372e1b4e,evt_f684ba15bba0067a,Viktor Hovland,PGA,71.54,74.51,23,0.28,6.6500,6.7500,8.5400,4.6300
$2K PGA Championship,2020-08-07T15:48:49.559715,estk_f684ba15bba0067adda748b4200f22bf,evt_f684ba15bba0067a,Paul Casey,PGA,71.81,73.86,20,0.25,6.3200,8.5800,7.9300,5.3300
$2K PGA Championship,2020-08-07T15:48:49.559718,estk_f684ba15bba0067a6db374755563ce83,evt_f684ba15bba0067a,Bubba Watson,PGA,74.72,73.8,20,0.28,6.1900,6.2900,7.8200,4.8500
$2K PGA Championship,2020-08-07T15:48:49.559722,estk_f684ba15bba0067a527c5abfc1093b26,evt_f684ba15bba0067a,Hideki Matsuyama,PGA,73.23,73.73,21,0.28,6.1600,7.4600,8.0800,4.8200
$2K PGA Championship,2020-08-07T15:48:49.559726,estk_f684ba15bba0067a3116b24358a8f507,evt_f684ba15bba0067a,Louis Oosthuizen,PGA,73.68,73.26,18,0.25,6.0000,7.0900,7.3700,4.3600
$2K PGA Championship,2020-08-07T15:48:49.559730,estk_f684ba15bba0067a5e6a5c337da2b39d,evt_f684ba15bba0067a,Matthias Schwab,PGA,71.94,72.95,19,0.25,5.7700,7.0300,7.0300,4.2800
$2K PGA Championship,2020-08-07T15:48:49.559733,estk_f684ba15bba0067adc1e23aa4cb30164,evt_f684ba15bba0067a,Marc Leishman,PGA,72.48,72.36,18,0.25,5.5100,7.1600,7.1200,4.5600
$2K PGA Championship,2020-08-07T15:48:49.559738,estk_f684ba15bba0067afe200133ec8a6c41,evt_f684ba15bba0067a,Tyrrell Hatton,PGA,75.11,72.33,16,0.25,5.5000,6.8600,6.8600,3.8800
$2K PGA Championship,2020-08-07T15:48:49.559742,estk_f684ba15bba0067a170130e9fa731e23,evt_f684ba15bba0067a,Jason Kokrak,PGA,71.03,72.27,19,0.25,5.4500,6.5700,6.6500,3.8500
$2K PGA Championship,2020-08-07T15:48:49.559746,estk_f684ba15bba0067a58f9d59b6d1e50b5,evt_f684ba15bba0067a,Kevin Streelman,PGA,70.04,72.43,22,0.28,5.4500,6.9300,6.9300,4.1100
$2K PGA Championship,2020-08-07T15:48:49.559749,estk_f684ba15bba0067a60e6f2aa7e058964,evt_f684ba15bba0067a,Tommy Fleetwood,PGA,71.2,72.26,21,0.28,5.3500,6.6000,7.2200,4.0000
$2K PGA Championship,2020-08-07T15:48:49.559753,estk_f684ba15bba0067a4fd2025821f57a83,evt_f684ba15bba0067a,Brendon Todd,PGA,65.31,71.98,23,0.25,5.3000,5.7400,6.8800,3.6800
$2K PGA Championship,2020-08-07T15:48:49.559757,estk_f684ba15bba0067aff6618d36b623f5c,evt_f684ba15bba0067a,Scottie Scheffler,PGA,66.52,71.89,22,0.25,5.2300,6.4900,6.4900,3.7700
$2K PGA Championship,2020-08-07T15:48:49.559766,estk_f684ba15bba0067a99495eb9a3c8aa25,evt_f684ba15bba0067a,Kevin Kisner,PGA,67.35,71.51,21,0.25,5.0700,6.3700,6.3700,3.4800
$2K PGA Championship,2020-08-07T15:48:49.559770,estk_f684ba15bba0067a4e5af02280177635,evt_f684ba15bba0067a,Si Woo Kim,PGA,69.7,71.28,19,0.25,4.9800,6.5800,6.4000,3.8700
$2K PGA Championship,2020-08-07T15:48:49.559774,estk_f684ba15bba0067a694b41dae4b8654f,evt_f684ba15bba0067a,Lucas Glover,PGA,71.79,70.84,17,0.25,4.7700,5.9000,5.9000,3.1500
$2K PGA Championship,2020-08-07T15:48:49.559777,estk_f684ba15bba0067ae64a0e6fb2b31683,evt_f684ba15bba0067a,Rafa Cabrera Bello,PGA,72.99,70.74,16,0.25,4.7100,6.0700,6.0700,3.1600
$2K PGA Championship,2020-08-07T15:48:49.559782,estk_f684ba15bba0067a1c0e9cf8ef9eccd9,evt_f684ba15bba0067a,Matthew Wolff,PGA,70.62,70.85,20,0.28,4.6900,6.8800,6.2600,3.8100
$2K PGA Championship,2020-08-07T15:48:49.559786,estk_f684ba15bba0067ae84f621105202612,evt_f684ba15bba0067a,Matt Kuchar,PGA,71.49,70.62,17,0.25,4.6500,5.7800,6.2400,3.3000
$2K PGA Championship,2020-08-07T15:48:49.559790,estk_f684ba15bba0067a6ef252b94400baa3,evt_f684ba15bba0067a,Adam Hadwin,PGA,70.55,70.68,22,0.31,4.5400,7.5000,6.1300,3.1600
$2K PGA Championship,2020-08-07T15:48:49.559794,estk_f684ba15bba0067ada24800f4e7e1bae,evt_f684ba15bba0067a,Hao-Tong Li,PGA,61.29,70.68,29,0.32,4.5300,4.3200,6.0900,2.3600
$2K PGA Championship,2020-08-07T15:48:49.559797,estk_f684ba15bba0067a1ca8635140548cc5,evt_f684ba15bba0067a,Harris English,PGA,68.35,70.26,19,0.25,4.4900,5.5900,5.7100,2.9000
$2K PGA Championship,2020-08-07T15:48:49.559801,estk_f684ba15bba0067a275b00a4c6134775,evt_f684ba15bba0067a,Rickie Fowler,PGA,72.08,70.34,17,0.26,4.4800,5.5500,6.0700,2.4900
$2K PGA Championship,2020-08-07T15:48:49.559805,estk_f684ba15bba0067a800e5acffcb2c354,evt_f684ba15bba0067a,Bud Cauley,PGA,64.27,70.2,22,0.25,4.4300,5.8800,5.9000,3.4400
$2K PGA Championship,2020-08-07T15:48:49.559808,estk_f684ba15bba0067aa8b79a109f7cf8a2,evt_f684ba15bba0067a,Byeong Hun An,PGA,72.66,70.41,21,0.32,4.3700,6.5700,5.9800,3.5200
$2K PGA Championship,2020-08-07T15:48:49.559812,estk_f684ba15bba0067ac154ddb42321dda7,evt_f684ba15bba0067a,Victor Perez,PGA,68.39,69.29,18,0.25,4.0800,5.5300,5.5600,2.6000
$2K PGA Championship,2020-08-07T15:48:49.559815,estk_f684ba15bba0067a3544479351e1ff63,evt_f684ba15bba0067a,Billy Horschel,PGA,67.26,69.43,21,0.28,4.0600,6.1400,5.6200,3.0800
$2K PGA Championship,2020-08-07T15:48:49.559819,estk_f684ba15bba0067a1fc545ba8ac8cb0b,evt_f684ba15bba0067a,Rory Sabbatini,PGA,69.68,69.26,17,0.25,4.0500,5.3700,5.3700,2.4800
$2K PGA Championship,2020-08-07T15:48:49.559823,estk_f684ba15bba0067a467812ddab873919,evt_f684ba15bba0067a,J.T. Poston,PGA,67.2,69.37,23,0.31,3.9700,6.5300,5.6100,2.9300
$2K PGA Championship,2020-08-07T15:48:49.559827,estk_f684ba15bba0067a8e366112314840d7,evt_f684ba15bba0067a,Keegan Bradley,PGA,70.32,69.04,17,0.26,3.9300,5.0100,5.5000,2.5000
$2K PGA Championship,2020-08-07T15:48:49.559831,estk_f684ba15bba0067aa251d6b9cc0a07e5,evt_f684ba15bba0067a,Sungjae Im,PGA,72.23,69.12,20,0.32,3.8500,6.3700,4.9400,2.3900
$2K PGA Championship,2020-08-07T15:48:49.559835,estk_f684ba15bba0067af8ddff16f2dbed28,evt_f684ba15bba0067a,Corey Conners,PGA,66.3,68.72,19,0.25,3.8300,4.9700,4.9700,2.2500
$2K PGA Championship,2020-08-07T15:48:49.559838,estk_f684ba15bba0067ac084ad91aa7b325e,evt_f684ba15bba0067a,Brendan Steele,PGA,62.15,68.61,22,0.25,3.7800,5.1100,5.1100,2.2300
$2K PGA Championship,2020-08-07T15:48:49.559845,estk_f684ba15bba0067af0b722aa359b7f95,evt_f684ba15bba0067a,Scott Piercy,PGA,67.18,68.39,18,0.25,3.7100,5.1400,5.1400,2.6000
$2K PGA Championship,2020-08-07T15:48:49.559849,estk_f684ba15bba0067a2ab98d8a9a770fd5,evt_f684ba15bba0067a,Jordan Spieth,PGA,70.98,68.23,15,0.25,3.6300,5.0700,5.0700,2.6100
$2K PGA Championship,2020-08-07T15:48:49.559853,estk_f684ba15bba0067abf5c4810745af2e6,evt_f684ba15bba0067a,Matthew Fitzpatrick,PGA,72.05,68.04,14,0.25,3.5600,5.0600,5.0600,2.4900
$2K PGA Championship,2020-08-07T15:48:49.559856,estk_f684ba15bba0067aa469dfc58a110587,evt_f684ba15bba0067a,Brian Harman,PGA,63.95,67.96,20,0.25,3.5400,4.9700,4.9700,1.9900
$2K PGA Championship,2020-08-07T15:48:49.559860,estk_f684ba15bba0067a6fa5553da61e1d4f,evt_f684ba15bba0067a,Joel Dahmen,PGA,65.08,67.81,19,0.25,3.4900,4.7100,4.7100,2.3600
$2K PGA Championship,2020-08-07T15:48:49.559864,estk_f684ba15bba0067a382b1670443dcf6e,evt_f684ba15bba0067a,Keith Mitchell,PGA,63.23,67.42,20,0.25,3.3800,4.4300,4.5700,1.8000
$2K PGA Championship,2020-08-07T15:48:49.559867,estk_f684ba15bba0067ad8f0d69f88d3691a,evt_f684ba15bba0067a,Doc Redman,PGA,69.58,67.19,15,0.25,3.2700,5.2400,5.1100,2.3200
$2K PGA Championship,2020-08-07T15:48:49.559872,estk_f684ba15bba0067a7ab7cd0f0adea4a7,evt_f684ba15bba0067a,Cameron Smith,PGA,66.57,66.93,17,0.25,3.2000,5.3100,4.6400,2.2400
$2K PGA Championship,2020-08-07T15:48:49.559876,estk_f684ba15bba0067a7c4bd9c5a9725b31,evt_f684ba15bba0067a,Kevin Na,PGA,67.86,67.18,19,0.29,3.1800,4.9400,4.7400,2.3300
$2K PGA Championship,2020-08-07T15:48:49.559879,estk_f684ba15bba0067aa5e32548021abe19,evt_f684ba15bba0067a,Chez Reavie,PGA,66.46,66.84,17,0.25,3.1800,4.6500,4.6500,1.9100
$2K PGA Championship,2020-08-07T15:48:49.559883,estk_f684ba15bba0067a1e0083f260619709,evt_f684ba15bba0067a,Sebastian Munoz,PGA,66.31,66.73,17,0.25,3.1300,4.9500,4.7200,2.2100
$2K PGA Championship,2020-08-07T15:48:49.559887,estk_f684ba15bba0067a56b30a8e6f7d54f5,evt_f684ba15bba0067a,Henrik Stenson,PGA,64.92,66.69,18,0.25,3.1100,4.5600,4.5600,2.1700
$2K PGA Championship,2020-08-07T15:48:49.559890,estk_f684ba15bba0067a5568e0a9fa2706a5,evt_f684ba15bba0067a,Jimmy Walker,PGA,68.37,66.59,16,0.26,3.0600,5.8700,4.7500,1.7600
$2K PGA Championship,2020-08-07T15:48:49.559894,estk_f684ba15bba0067a727afcd55bf28e15,evt_f684ba15bba0067a,Brandt Snedeker,PGA,69.33,66.84,19,0.31,3.0500,5.8700,5.0300,2.2000
$2K PGA Championship,2020-08-07T15:48:49.559898,estk_f684ba15bba0067a88df85a652008d25,evt_f684ba15bba0067a,Shane Lowry,PGA,62.07,66.55,20,0.25,3.0500,4.4800,4.5500,1.5100
$2K PGA Championship,2020-08-07T15:48:49.559901,estk_f684ba15bba0067a439e82932be18fd4,evt_f684ba15bba0067a,Ian Poulter,PGA,68.59,66.44,15,0.25,3.0300,5.1600,4.6300,1.5100
$2K PGA Championship,2020-08-07T15:48:49.559905,estk_f684ba15bba0067a3669473c95ba1329,evt_f684ba15bba0067a,C.T. Pan,PGA,66.8,66.1,16,0.25,2.9400,4.3900,4.4300,1.6600
$2K PGA Championship,2020-08-07T15:48:49.559909,estk_f684ba15bba0067a3a3fd2efe45d4190,evt_f684ba15bba0067a,Harold Varner III,PGA,65.85,66.44,21,0.31,2.9200,4.8200,4.2300,1.7000
$2K PGA Championship,2020-08-07T15:48:49.559913,estk_f684ba15bba0067a257030afd2041ec6,evt_f684ba15bba0067a,Erik Van Rooyen,PGA,65.37,66.03,17,0.25,2.9100,4.1500,4.1200,1.7100
$2K PGA Championship,2020-08-07T15:48:49.559917,estk_f684ba15bba0067a231a4d3b434acb3f,evt_f684ba15bba0067a,Dylan Frittelli,PGA,63.93,65.95,18,0.25,2.8700,4.3500,4.3500,1.5800
$2K PGA Championship,2020-08-07T15:48:49.559920,estk_f684ba15bba0067a4be0d7fc77429fae,evt_f684ba15bba0067a,Sepp Straka,PGA,63.75,65.81,18,0.25,2.8500,4.2900,4.0600,1.6500
$2K PGA Championship,2020-08-07T15:48:49.559926,estk_f684ba15bba0067a1d4f740cf9f348cc,evt_f684ba15bba0067a,Wyndham Clark,PGA,65,65.75,17,0.25,2.8200,4.0300,4.7000,1.5400
$2K PGA Championship,2020-08-07T15:48:49.559930,estk_f684ba15bba0067a499f65e84c5a381b,evt_f684ba15bba0067a,Jim Furyk,PGA,65,65.8,19,0.28,2.7900,4.6000,4.4700,1.7700
$2K PGA Championship,2020-08-07T15:48:49.559933,estk_f684ba15bba0067a3106b19cb24df156,evt_f684ba15bba0067a,Bernd Wiesberger,PGA,60.79,65.59,20,0.25,2.7800,4.2000,4.2000,1.2300
$2K PGA Championship,2020-08-07T15:48:49.559937,estk_f684ba15bba0067ace48a1d2ca0c1d77,evt_f684ba15bba0067a,Andrew Putnam,PGA,67.23,65.42,15,0.25,2.7400,4.2000,4.2100,1.7600
$2K PGA Championship,2020-08-07T15:48:49.559941,estk_f684ba15bba0067aa994dc6df42c2b1e,evt_f684ba15bba0067a,Nate Lashley,PGA,61.35,65.01,19,0.25,2.6100,3.8200,3.8200,1.0700
$2K PGA Championship,2020-08-07T15:48:49.559945,estk_f684ba15bba0067aaf335bc9711cd18a,evt_f684ba15bba0067a,Lanto Griffin,PGA,57.83,65.32,26,0.32,2.5700,3.2900,3.8100,
$2K PGA Championship,2020-08-07T15:48:49.559948,estk_f684ba15bba0067adc45886d5b7d7c1b,evt_f684ba15bba0067a,Russell Henley,PGA,63.67,64.75,17,0.25,2.5600,3.7700,3.7700,1.0300
$2K PGA Championship,2020-08-07T15:48:49.559952,estk_f684ba15bba0067a56ab6ba90ba02e56,evt_f684ba15bba0067a,Joaquin Niemann,PGA,70.79,64.85,16,0.31,2.4800,4.8600,4.0100,1.4400
$2K PGA Championship,2020-08-07T15:48:49.559956,estk_f684ba15bba0067a2417e84cbbd5324d,evt_f684ba15bba0067a,Luke List,PGA,64.32,64.24,16,0.25,2.4200,3.8800,3.8800,1.1100
$2K PGA Championship,2020-08-07T15:48:49.559960,estk_f684ba15bba0067a3f67e338f06084d7,evt_f684ba15bba0067a,Troy Merritt,PGA,65.54,64.16,15,0.25,2.4100,4.7000,3.9400,1.5800
$2K PGA Championship,2020-08-07T15:48:49.559963,estk_f684ba15bba0067a43668873521e8e14,evt_f684ba15bba0067a,Matt Wallace,PGA,62.86,64.14,17,0.25,2.4000,4.6200,3.9600,1.5600
$2K PGA Championship,2020-08-07T15:48:49.559967,estk_f684ba15bba0067aa2ae7a7605b3a52e,evt_f684ba15bba0067a,Denny McCarthy,PGA,61.69,64.27,18,0.25,2.4000,4.3500,4.1200,1.4100
$2K PGA Championship,2020-08-07T15:48:49.559971,estk_f684ba15bba0067af1c1c5d688ad50b6,evt_f684ba15bba0067a,Danny Lee,PGA,60.21,64.16,19,0.25,2.4000,3.6000,3.6000,
$2K PGA Championship,2020-08-07T15:48:49.559974,estk_f684ba15bba0067a2f70583fd032316f,evt_f684ba15bba0067a,Max Homa,PGA,66.91,64.18,14,0.25,2.3900,3.9200,3.9200,1.3600
$2K PGA Championship,2020-08-07T15:48:49.559978,estk_f684ba15bba0067a8c0c59e9f95a36fc,evt_f684ba15bba0067a,Graeme McDowell,PGA,64.26,64.27,18,0.28,2.3700,3.8500,3.8700,1.3700
$2K PGA Championship,2020-08-07T15:48:49.559981,estk_f684ba15bba0067aff712a532f406304,evt_f684ba15bba0067a,Cameron Champ,PGA,62.34,63.76,17,0.25,2.3100,3.9900,3.9700,1.1600
$2K PGA Championship,2020-08-07T15:48:49.559985,estk_f684ba15bba0067adc553a6f4de18227,evt_f684ba15bba0067a,Martin Kaymer,PGA,55.35,63.51,22,0.25,2.2500,3.7700,3.7500,1.2000
$2K PGA Championship,2020-08-07T15:48:49.559989,estk_f684ba15bba0067a9d863c21b98c587e,evt_f684ba15bba0067a,Christiaan Bezuidenhout,PGA,59.72,64.01,24,0.33,2.2300,3.2900,3.2900,
$2K PGA Championship,2020-08-07T15:48:49.559993,estk_f684ba15bba0067a0811efeafb376fee,evt_f684ba15bba0067a,Michael Thompson,PGA,61.64,63.23,17,0.25,2.2000,3.3600,3.3600,
$2K PGA Championship,2020-08-07T15:48:49.559996,estk_f684ba15bba0067aae4992823c10a96e,evt_f684ba15bba0067a,Carlos Ortiz,PGA,62.81,63.11,16,0.25,2.1600,3.7000,3.6800,1.2000
$2K PGA Championship,2020-08-07T15:48:49.560000,estk_f684ba15bba0067a01c765712de170ec,evt_f684ba15bba0067a,Sung Kang,PGA,59.94,62.95,18,0.25,2.1400,3.5800,3.5800,1.2000
$2K PGA Championship,2020-08-07T15:48:49.560003,estk_f684ba15bba0067a01a6a725cac7711c,evt_f684ba15bba0067a,Sergio Garcia,PGA,63.4,62.55,15,0.25,2.0700,3.2400,3.2300,
$2K PGA Championship,2020-08-07T15:48:49.560007,estk_f684ba15bba0067aa0281ba5dadc7019,evt_f684ba15bba0067a,Matt Jones,PGA,59.61,62.92,20,0.28,2.0700,3.5200,3.5200,1.2000
$2K PGA Championship,2020-08-07T15:48:49.560010,estk_f684ba15bba0067a6e6bae282dbde85d,evt_f684ba15bba0067a,Jason Dufner,PGA,59.37,62.53,18,0.25,2.0500,3.5400,3.5400,
$2K PGA Championship,2020-08-07T15:48:49.560014,estk_f684ba15bba0067ac336cb83de20d635,evt_f684ba15bba0067a,Steve Stricker,PGA,61.93,62.45,16,0.25,2.0400,3.5500,3.5600,1.1800
$2K PGA Championship,2020-08-07T15:48:49.560018,estk_f684ba15bba0067aa76ce6b76eb4f61c,evt_f684ba15bba0067a,Tom Hoge,PGA,61.52,62.14,16,0.25,1.9900,3.4900,3.5000,
$2K PGA Championship,2020-08-07T15:48:49.560022,estk_f684ba15bba0067a40e1350656ce7a59,evt_f684ba15bba0067a,Brian Stuard,PGA,62.83,62.24,17,0.28,1.9500,4.0900,3.4800,1.0800
$2K PGA Championship,2020-08-07T15:48:49.560026,estk_f684ba15bba0067af8fe16d2b4c741cc,evt_f684ba15bba0067a,Emiliano Grillo,PGA,57.48,61.81,21,0.29,1.8500,3.2300,3.2300,
$2K PGA Championship,2020-08-07T15:48:49.560030,estk_f684ba15bba0067af37b447062d130d6,evt_f684ba15bba0067a,Mike Lorenzo-Vera,PGA,52.45,61.34,22,0.25,1.8400,3.0800,3.1500,
$2K PGA Championship,2020-08-07T15:48:49.560033,estk_f684ba15bba0067af12a9560822021e0,evt_f684ba15bba0067a,Kurt Kitayama,PGA,52.4,62.11,27,0.33,1.8400,2.8200,3.0700,
$2K PGA Championship,2020-08-07T15:48:49.560037,estk_f684ba15bba0067a182635c19afda3d2,evt_f684ba15bba0067a,Ryan Palmer,PGA,62.34,60.76,14,0.25,1.7500,3.2900,3.2600,
$2K PGA Championship,2020-08-07T15:48:49.560040,estk_f684ba15bba0067a6c585da9e4b2ba79,evt_f684ba15bba0067a,Tom Lewis,PGA,52.9,60.67,21,0.25,1.7200,2.8400,2.8400,
$2K PGA Championship,2020-08-07T15:48:49.560044,estk_f684ba15bba0067a51313c80a6582bc4,evt_f684ba15bba0067a,Jim Herman,PGA,57.52,61.11,22,0.32,1.7000,3.2000,3.2000,
$2K PGA Championship,2020-08-07T15:48:49.560048,estk_f684ba15bba0067aabc28610c0242e1a,evt_f684ba15bba0067a,Phil Mickelson,PGA,58.85,60.14,16,0.25,1.6600,3.3900,3.4000,
$2K PGA Championship,2020-08-07T15:48:49.560052,estk_f684ba15bba0067ab3124a1cc05b43be,evt_f684ba15bba0067a,Richy Werenski,PGA,60.11,60.27,20,0.33,1.5800,3.6100,3.0800,
$2K PGA Championship,2020-08-07T15:48:49.560056,estk_f684ba15bba0067a294a661cf9329079,evt_f684ba15bba0067a,Danny Willett,PGA,61.89,59.42,13,0.25,1.5700,3.0900,3.0800,
$2K PGA Championship,2020-08-07T15:48:49.560060,estk_f684ba15bba0067a404d8fe8b6d05439,evt_f684ba15bba0067a,Andrew Landry,PGA,60.61,59.46,14,0.25,1.5600,3.0800,3.0900,
$2K PGA Championship,2020-08-07T15:48:49.560064,estk_f684ba15bba0067ae10b01bbeec0220f,evt_f684ba15bba0067a,Jazz Janewattananond,PGA,59.79,59.05,16,0.28,1.4900,2.9900,2.9900,
$2K PGA Championship,2020-08-07T15:48:49.560067,estk_f684ba15bba0067aa7bfa7533cb05037,evt_f684ba15bba0067a,Shaun Norris,PGA,51.98,59.35,24,0.32,1.4800,2.8000,2.8000,
$2K PGA Championship,2020-08-07T15:48:49.560071,estk_f684ba15bba0067a4f70a08a1a272573,evt_f684ba15bba0067a,Talor Gooch,PGA,54.89,59.33,22,0.32,1.4700,2.9900,2.9900,
$2K PGA Championship,2020-08-07T15:48:49.560074,estk_f684ba15bba0067a63ec4e5033098e73,evt_f684ba15bba0067a,Charl Schwartzel,PGA,57.76,58.32,15,0.25,1.4400,2.9800,2.9700,
$2K PGA Championship,2020-08-07T15:48:49.560078,estk_f684ba15bba0067a24767e7a4d8ae0f3,evt_f684ba15bba0067a,Mark Hubbard,PGA,53.58,58.19,18,0.25,1.4400,2.8900,2.8900,
$2K PGA Championship,2020-08-07T15:48:49.560081,estk_f684ba15bba0067af3ef89e1a34c808f,evt_f684ba15bba0067a,Nick Taylor,PGA,61.02,57.77,12,0.25,1.4000,2.9100,2.9200,
$2K PGA Championship,2020-08-07T15:48:49.560085,estk_f684ba15bba0067a5936e6a0df92674f,evt_f684ba15bba0067a,Xinjun Zhang,PGA,54.06,58.3,21,0.31,1.3800,2.8900,2.8800,
$2K PGA Championship,2020-08-07T15:48:49.560088,estk_f684ba15bba0067a087d4d65007a09ad,evt_f684ba15bba0067a,Mackenzie Hughes,PGA,56.13,57.1,15,0.25,1.3400,2.8900,3.0900,
$2K PGA Championship,2020-08-07T15:48:49.560092,estk_f684ba15bba0067abee3de13ab54603a,evt_f684ba15bba0067a,Joost Luiten,PGA,54.31,57.93,21,0.32,1.3400,2.8400,2.8400,
$2K PGA Championship,2020-08-07T15:48:49.560095,estk_f684ba15bba0067a4e3c375c77ca101d,evt_f684ba15bba0067a,Tyler Duncan,PGA,60.82,57.75,17,0.33,1.3000,3.2100,2.9900,
$2K PGA Championship,2020-08-07T15:48:49.560099,estk_f684ba15bba0067a6ece663c59eb1ec8,evt_f684ba15bba0067a,Rob Labritz,PGA,52.69,56.83,21,0.32,1.2600,2.8400,2.8400,
$2K PGA Championship,2020-08-07T15:48:49.560102,estk_f684ba15bba0067aa9cf9571ae8d1395,evt_f684ba15bba0067a,Adam Long,PGA,53.5,55.13,15,0.25,1.2100,2.8900,2.6900,
$2K PGA Championship,2020-08-07T15:48:49.560106,estk_f684ba15bba0067a08a1e3f033f987a2,evt_f684ba15bba0067a,Davis Love III,PGA,54.21,55.12,15,0.26,1.2000,2.6900,2.7100,
$2K PGA Championship,2020-08-07T15:48:49.560109,estk_f684ba15bba0067acea5bbca25f6bb2d,evt_f684ba15bba0067a,Robert Macintyre,PGA,52.89,55.55,18,0.29,1.2000,2.8100,2.7600,
$2K PGA Championship,2020-08-07T15:48:49.560112,estk_f684ba15bba0067a6fcfcf07bcce594a,evt_f684ba15bba0067a,Shaun Micheel,PGA,52.08,55.06,16,0.25,1.2000,2.7400,2.7200,
$2K PGA Championship,2020-08-07T15:48:49.560116,estk_f684ba15bba0067ab2f5bb952e86416d,evt_f684ba15bba0067a,Chan Kim,PGA,51.71,54.78,16,0.25,1.1900,2.6800,2.7500,
$2K PGA Championship,2020-08-07T15:48:49.560119,estk_f684ba15bba0067a096c2790a3afa3ee,evt_f684ba15bba0067a,Lucas Herbert,PGA,52.58,54.44,15,0.25,1.1800,2.8200,2.8300,
$2K PGA Championship,2020-08-07T15:48:49.560124,estk_f684ba15bba0067ab36026958f4d34a8,evt_f684ba15bba0067a,Alex Beach,PGA,51.97,53.98,15,0.25,1.1600,2.6700,2.6700,
$2K PGA Championship,2020-08-07T15:48:49.560128,estk_f684ba15bba0067a39ef7a7fafeac1f7,evt_f684ba15bba0067a,Marcus Kinhult,PGA,52.8,53.6,14,0.25,1.1400,2.7300,2.7200,
$2K PGA Championship,2020-08-07T15:48:49.560131,estk_f684ba15bba0067af94b7e5eca9035c7,evt_f684ba15bba0067a,Cameron Tringale,PGA,52.65,54.38,17,0.29,1.1400,2.8000,2.7400,
$2K PGA Championship,2020-08-07T15:48:49.560135,estk_f684ba15bba0067a6d0bd9aa0fedebf0,evt_f684ba15bba0067a,Marty Jertson,PGA,52.6,53.45,14,0.25,1.1300,2.6600,2.6500,
$2K PGA Championship,2020-08-07T15:48:49.560139,estk_f684ba15bba0067a00820509acef9c11,evt_f684ba15bba0067a,Daniel Balin,PGA,52.04,53.03,14,0.25,1.1200,2.6400,2.6400,
$2K PGA Championship,2020-08-07T15:48:49.560143,estk_f684ba15bba0067acff74b91d0076f04,evt_f684ba15bba0067a,Benjamin Hebert,PGA,52.77,52.58,13,0.25,1.1000,2.6200,2.6200,
$2K PGA Championship,2020-08-07T15:48:49.560147,estk_f684ba15bba0067a0dd7167903c3ff77,evt_f684ba15bba0067a,Rod Perry,PGA,51.17,51.38,13,0.25,1.0800,2.6000,2.5900,
$2K PGA Championship,2020-08-07T15:48:49.560150,estk_f684ba15bba0067a90b7d0d78beb20ec,evt_f684ba15bba0067a,Jorge Campillo,PGA,51.73,50.18,15,0.32,1.0400,2.6300,2.6300,
$2K PGA Championship,2020-08-07T15:48:49.560154,estk_f684ba15bba0067ad0bca1044d9af0ab,evt_f684ba15bba0067a,Justin Bertsch,PGA,51.76,48.82,10,0.25,1.0300,2.6800,2.5500,
$2K PGA Championship,2020-08-07T15:48:49.560157,estk_f684ba15bba0067af2cd7a70ea5c93fc,evt_f684ba15bba0067a,Rich Beem,PGA,52.64,47.48,8,0.25,1.0200,2.5400,2.5400,
$2K PGA Championship,2020-08-07T15:48:49.560161,estk_f684ba15bba0067aa76c14c8bd8dade9,evt_f684ba15bba0067a,Brooks Koepka,PGA,77.56,0,0,1,1.0000,2.5200,2.5200,
$2K PGA Championship,2020-08-07T15:48:49.560164,estk_f684ba15bba0067abd95a61ddc89f373,evt_f684ba15bba0067a,Vaughn Taylor,PGA,0,0,0,1,1.0000,2.5200,2.5200,
$2K PGA Championship,2020-08-07T15:58:50.216804,estk_f684ba15bba0067ad11048af6a9aa9e4,evt_f684ba15bba0067a,Bryson DeChambeau,PGA,78.8,79.74,23,0.28,10.2600,8.3100,12.4200,9.0300
$2K PGA Championship,2020-08-07T15:58:50.216810,estk_f684ba15bba0067af40801c5943c8d94,evt_f684ba15bba0067a,Jon Rahm,PGA,79.94,79.16,20,0.26,9.8400,8.9500,11.5100,
$2K PGA Championship,2020-08-07T15:58:50.216860,estk_f684ba15bba0067a9cb9fc3fe55be3c0,evt_f684ba15bba0067a,Adam Scott,PGA,73.25,75.74,23,0.28,7.3800,7.5200,9.3700,8.1100
$2K PGA Championship,2020-08-07T15:58:50.216897,estk_f684ba15bba0067a6db374755563ce83,evt_f684ba15bba0067a,Bubba Watson,PGA,74.72,73.05,20,0.29,5.7200,6.2900,7.8200,4.8500
$2K PGA Championship,2020-08-07T15:58:50.216901,estk_f684ba15bba0067a58f9d59b6d1e50b5,evt_f684ba15bba0067a,Kevin Streelman,PGA,70.04,72.73,23,0.29,5.5900,6.9300,6.9300,4.1100
$2K PGA Championship,2020-08-07T15:58:50.216939,estk_f684ba15bba0067a1c0e9cf8ef9eccd9,evt_f684ba15bba0067a,Matthew Wolff,PGA,70.62,71.14,21,0.29,4.7800,6.8800,6.2600,3.7800
$2K PGA Championship,2020-08-07T15:58:50.216947,estk_f684ba15bba0067a275b00a4c6134775,evt_f684ba15bba0067a,Rickie Fowler,PGA,72.08,70.9,19,0.28,4.7100,5.5500,6.0700,2.8900
$2K PGA Championship,2020-08-07T15:58:50.216960,estk_f684ba15bba0067ada24800f4e7e1bae,evt_f684ba15bba0067a,Hao-Tong Li,PGA,61.29,71.06,30,0.33,4.6400,4.3200,6.0900,2.3600
$2K PGA Championship,2020-08-07T15:58:50.216982,estk_f684ba15bba0067a3544479351e1ff63,evt_f684ba15bba0067a,Billy Horschel,PGA,67.26,69.75,22,0.29,4.1500,6.1400,5.6200,3.0800
$2K PGA Championship,2020-08-07T15:58:50.217025,estk_f684ba15bba0067a7ab7cd0f0adea4a7,evt_f684ba15bba0067a,Cameron Smith,PGA,66.57,68.26,19,0.26,3.6400,5.3100,5.2000,2.2400
$2K PGA Championship,2020-08-07T15:58:50.217100,estk_f684ba15bba0067a499f65e84c5a381b,evt_f684ba15bba0067a,Jim Furyk,PGA,65,66.15,20,0.29,2.8500,4.6000,4.4700,1.7700
$2K PGA Championship,2020-08-07T15:58:50.217120,estk_f684ba15bba0067aaf335bc9711cd18a,evt_f684ba15bba0067a,Lanto Griffin,PGA,57.83,65.75,27,0.33,2.6600,3.2900,3.8100,
$2K PGA Championship,2020-08-07T15:58:50.217125,estk_f684ba15bba0067aff712a532f406304,evt_f684ba15bba0067a,Cameron Champ,PGA,62.34,65.13,19,0.26,2.6300,3.9900,3.9700,1.1600
$2K PGA Championship,2020-08-07T15:58:50.217137,estk_f684ba15bba0067a56ab6ba90ba02e56,evt_f684ba15bba0067a,Joaquin Niemann,PGA,70.79,65.14,17,0.32,2.5000,4.8600,4.0100,1.4400
$2K PGA Championship,2020-08-07T15:58:50.217142,estk_f684ba15bba0067aa2ae7a7605b3a52e,evt_f684ba15bba0067a,Denny McCarthy,PGA,61.69,64.65,19,0.26,2.5000,4.3500,4.1200,1.4100
$2K PGA Championship,2020-08-07T15:58:50.217146,estk_f684ba15bba0067a8c0c59e9f95a36fc,evt_f684ba15bba0067a,Graeme McDowell,PGA,64.26,64.62,19,0.29,2.4200,3.8500,3.8700,1.3700
$2K PGA Championship,2020-08-07T15:58:50.217181,estk_f684ba15bba0067a9d863c21b98c587e,evt_f684ba15bba0067a,Christiaan Bezuidenhout,PGA,59.72,63.82,25,0.35,2.1400,3.2900,3.2900,
$2K PGA Championship,2020-08-07T15:58:50.217189,estk_f684ba15bba0067a01a6a725cac7711c,evt_f684ba15bba0067a,Sergio Garcia,PGA,63.4,62.92,16,0.26,2.0900,3.2400,3.2300,
$2K PGA Championship,2020-08-07T15:58:50.217201,estk_f684ba15bba0067a40e1350656ce7a59,evt_f684ba15bba0067a,Brian Stuard,PGA,62.83,62.61,18,0.29,1.9900,4.0900,3.4800,1.0800
$2K PGA Championship,2020-08-07T15:58:50.217209,estk_f684ba15bba0067aa0281ba5dadc7019,evt_f684ba15bba0067a,Matt Jones,PGA,59.61,62.32,20,0.29,1.9300,3.5200,3.5200,
$2K PGA Championship,2020-08-07T15:58:50.217213,estk_f684ba15bba0067aabc28610c0242e1a,evt_f684ba15bba0067a,Phil Mickelson,PGA,58.85,61.55,18,0.26,1.8400,3.3900,3.4000,
$2K PGA Championship,2020-08-07T15:58:50.217221,estk_f684ba15bba0067af8fe16d2b4c741cc,evt_f684ba15bba0067a,Emiliano Grillo,PGA,57.48,61.66,22,0.31,1.7800,3.2300,3.2300,
$2K PGA Championship,2020-08-07T15:58:50.217237,estk_f684ba15bba0067ab3124a1cc05b43be,evt_f684ba15bba0067a,Richy Werenski,PGA,60.11,61.07,22,0.35,1.6500,3.6100,3.0800,
$2K PGA Championship,2020-08-07T15:58:50.217241,estk_f684ba15bba0067af12a9560822021e0,evt_f684ba15bba0067a,Kurt Kitayama,PGA,52.4,61.06,27,0.35,1.6400,2.8200,3.0700,
$2K PGA Championship,2020-08-07T15:58:50.217268,estk_f684ba15bba0067ae10b01bbeec0220f,evt_f684ba15bba0067a,Jazz Janewattananond,PGA,59.79,58.45,16,0.29,1.4000,2.9900,2.9900,
$2K PGA Championship,2020-08-07T15:58:50.217280,estk_f684ba15bba0067abee3de13ab54603a,evt_f684ba15bba0067a,Joost Luiten,PGA,54.31,58.39,22,0.33,1.3600,2.8400,2.8400,
$2K PGA Championship,2020-08-07T15:58:50.217284,estk_f684ba15bba0067a4e3c375c77ca101d,evt_f684ba15bba0067a,Tyler Duncan,PGA,60.82,58.53,19,0.35,1.3500,2.9900,3.2100,
$2K PGA Championship,2020-08-07T15:58:50.217314,estk_f684ba15bba0067af94b7e5eca9035c7,evt_f684ba15bba0067a,Cameron Tringale,PGA,52.65,55.33,19,0.31,1.1700,2.8000,2.7400,
$2K PGA Championship,2020-08-07T15:58:50.217347,estk_f684ba15bba0067a90b7d0d78beb20ec,evt_f684ba15bba0067a,Jorge Campillo,PGA,51.73,49.66,15,0.33,1.0300,2.6300,2.6300,
$2K PGA Championship,2020-08-07T16:08:50.809889,estk_f684ba15bba0067a03fcb99bd098267b,evt_f684ba15bba0067a,Patrick Reed,PGA,79.17,78.63,24,0.31,9.3800,8.4800,11.0700,8.2000
$2K PGA Championship,2020-08-07T16:08:50.809937,estk_f684ba15bba0067a3d3360a6372e1b4e,evt_f684ba15bba0067a,Viktor Hovland,PGA,71.54,74.79,24,0.29,6.7700,6.7500,8.5400,4.9600
$2K PGA Championship,2020-08-07T16:08:50.809948,estk_f684ba15bba0067a527c5abfc1093b26,evt_f684ba15bba0067a,Hideki Matsuyama,PGA,73.23,73.99,22,0.29,6.3400,7.7700,7.8000,4.8200
$2K PGA Championship,2020-08-07T16:08:50.809970,estk_f684ba15bba0067a60e6f2aa7e058964,evt_f684ba15bba0067a,Tommy Fleetwood,PGA,71.2,72.55,22,0.29,5.5300,6.6000,7.2200,3.7300
$2K PGA Championship,2020-08-07T16:08:50.810015,estk_f684ba15bba0067a6ef252b94400baa3,evt_f684ba15bba0067a,Adam Hadwin,PGA,70.55,70.97,23,0.32,4.6900,6.0900,6.0800,3.1600
$2K PGA Championship,2020-08-07T16:08:50.810022,estk_f684ba15bba0067ada24800f4e7e1bae,evt_f684ba15bba0067a,Hao-Tong Li,PGA,61.29,70.84,31,0.35,4.5400,4.3200,6.0900,3.0800
$2K PGA Championship,2020-08-07T16:08:50.810026,estk_f684ba15bba0067aa8b79a109f7cf8a2,evt_f684ba15bba0067a,Byeong Hun An,PGA,72.66,70.68,22,0.33,4.4900,5.9800,5.9700,3.4100
$2K PGA Championship,2020-08-07T16:08:50.810038,estk_f684ba15bba0067a467812ddab873919,evt_f684ba15bba0067a,J.T. Poston,PGA,67.2,69.7,24,0.32,4.0900,6.5300,5.6100,2.9300
$2K PGA Championship,2020-08-07T16:08:50.810049,estk_f684ba15bba0067a3544479351e1ff63,evt_f684ba15bba0067a,Billy Horschel,PGA,67.26,69.41,23,0.31,4.0000,5.6200,5.6200,2.9800
$2K PGA Championship,2020-08-07T16:08:50.810076,estk_f684ba15bba0067aa251d6b9cc0a07e5,evt_f684ba15bba0067a,Sungjae Im,PGA,72.23,68.39,20,0.33,3.5400,6.3700,4.9400,2.3900
$2K PGA Championship,2020-08-07T16:08:50.810083,estk_f684ba15bba0067a7ab7cd0f0adea4a7,evt_f684ba15bba0067a,Cameron Smith,PGA,66.57,67.93,20,0.28,3.4600,5.3100,5.2000,2.2400
$2K PGA Championship,2020-08-07T16:08:50.810099,estk_f684ba15bba0067a727afcd55bf28e15,evt_f684ba15bba0067a,Brandt Snedeker,PGA,69.33,67.14,20,0.32,3.1200,5.0300,4.5700,2.0000
$2K PGA Championship,2020-08-07T16:08:50.810110,estk_f684ba15bba0067a8e366112314840d7,evt_f684ba15bba0067a,Keegan Bradley,PGA,70.32,66.93,17,0.29,3.0900,5.5000,4.6500,2.2100
$2K PGA Championship,2020-08-07T16:08:50.810118,estk_f684ba15bba0067a7c4bd9c5a9725b31,evt_f684ba15bba0067a,Kevin Na,PGA,67.86,66.82,20,0.31,3.0400,4.7400,4.7300,2.2500
$2K PGA Championship,2020-08-07T16:08:50.810121,estk_f684ba15bba0067a499f65e84c5a381b,evt_f684ba15bba0067a,Jim Furyk,PGA,65,66.85,22,0.31,3.0400,4.6000,4.4700,1.7700
$2K PGA Championship,2020-08-07T16:08:50.810129,estk_f684ba15bba0067a3a3fd2efe45d4190,evt_f684ba15bba0067a,Harold Varner III,PGA,65.85,66.78,22,0.32,3.0200,4.2300,4.2300,1.7000
$2K PGA Championship,2020-08-07T16:08:50.810144,estk_f684ba15bba0067aaf335bc9711cd18a,evt_f684ba15bba0067a,Lanto Griffin,PGA,57.83,66.59,29,0.35,2.8800,3.2900,4.1000,1.1200
$2K PGA Championship,2020-08-07T16:08:50.810159,estk_f684ba15bba0067a5568e0a9fa2706a5,evt_f684ba15bba0067a,Jimmy Walker,PGA,68.37,65.54,17,0.29,2.6800,4.7500,4.6300,1.7600
$2K PGA Championship,2020-08-07T16:08:50.810163,estk_f684ba15bba0067a1d4f740cf9f348cc,evt_f684ba15bba0067a,Wyndham Clark,PGA,65,65.1,17,0.26,2.6300,4.0300,4.1700,1.5400
$2K PGA Championship,2020-08-07T16:08:50.810178,estk_f684ba15bba0067aff712a532f406304,evt_f684ba15bba0067a,Cameron Champ,PGA,62.34,64.88,20,0.28,2.5000,4.0000,4.0000,1.1600
$2K PGA Championship,2020-08-07T16:08:50.810204,estk_f684ba15bba0067a3f67e338f06084d7,evt_f684ba15bba0067a,Troy Merritt,PGA,65.54,63.5,15,0.26,2.2400,3.9400,3.9300,1.3200
$2K PGA Championship,2020-08-07T16:08:50.810208,estk_f684ba15bba0067a9d863c21b98c587e,evt_f684ba15bba0067a,Christiaan Bezuidenhout,PGA,59.72,64.22,26,0.36,2.2200,3.2900,3.4700,
$2K PGA Championship,2020-08-07T16:08:50.810215,estk_f684ba15bba0067aa2ae7a7605b3a52e,evt_f684ba15bba0067a,Denny McCarthy,PGA,61.69,63.42,19,0.28,2.1800,4.1200,3.7200,1.3300
$2K PGA Championship,2020-08-07T16:08:50.810244,estk_f684ba15bba0067a40e1350656ce7a59,evt_f684ba15bba0067a,Brian Stuard,PGA,62.83,62.35,19,0.31,1.9100,4.0900,3.4800,1.0800
$2K PGA Championship,2020-08-07T16:08:50.810270,estk_f684ba15bba0067af12a9560822021e0,evt_f684ba15bba0067a,Kurt Kitayama,PGA,52.4,61.54,28,0.36,1.6900,2.8200,3.0700,
$2K PGA Championship,2020-08-07T16:08:50.810282,estk_f684ba15bba0067ab3124a1cc05b43be,evt_f684ba15bba0067a,Richy Werenski,PGA,60.11,60.47,22,0.36,1.5500,3.6100,3.0800,
$2K PGA Championship,2020-08-07T16:08:50.810285,estk_f684ba15bba0067a4f70a08a1a272573,evt_f684ba15bba0067a,Talor Gooch,PGA,54.89,59.78,23,0.33,1.5100,2.9900,2.9900,
$2K PGA Championship,2020-08-07T16:08:50.810308,estk_f684ba15bba0067a4e3c375c77ca101d,evt_f684ba15bba0067a,Tyler Duncan,PGA,60.82,58.92,20,0.36,1.3900,2.9900,2.8800,
$2K PGA Championship,2020-08-07T16:08:50.810319,estk_f684ba15bba0067a5936e6a0df92674f,evt_f684ba15bba0067a,Xinjun Zhang,PGA,54.06,57.76,21,0.32,1.3200,2.9000,2.9100,
$2K PGA Championship,2020-08-07T16:08:50.810334,estk_f684ba15bba0067ab2f5bb952e86416d,evt_f684ba15bba0067a,Chan Kim,PGA,51.71,55.27,17,0.26,1.2100,2.7100,2.7100,
$2K PGA Championship,2020-08-07T16:08:50.810338,estk_f684ba15bba0067acea5bbca25f6bb2d,evt_f684ba15bba0067a,Robert Macintyre,PGA,52.89,55.49,19,0.31,1.1800,2.7200,2.7200,
$2K PGA Championship,2020-08-07T16:08:50.810353,estk_f684ba15bba0067a08a1e3f033f987a2,evt_f684ba15bba0067a,Davis Love III,PGA,54.21,54.49,16,0.29,1.1400,2.6900,2.7100,
$2K PGA Championship,2020-08-07T16:08:50.810382,estk_f684ba15bba0067a90b7d0d78beb20ec,evt_f684ba15bba0067a,Jorge Campillo,PGA,51.73,49.62,16,0.35,1.0200,2.6300,2.5500,
$2K PGA Championship,2020-08-07T16:18:51.497942,estk_f684ba15bba0067ad11048af6a9aa9e4,evt_f684ba15bba0067a,Bryson DeChambeau,PGA,78.8,78.95,23,0.29,10.2600,8.3100,11.9200,9.0300
$2K PGA Championship,2020-08-07T16:18:51.497947,estk_f684ba15bba0067af40801c5943c8d94,evt_f684ba15bba0067a,Jon Rahm,PGA,79.94,78.56,21,0.28,9.9000,8.9500,11.5100,8.1700
$2K PGA Championship,2020-08-07T16:18:51.497959,estk_f684ba15bba0067a03fcb99bd098267b,evt_f684ba15bba0067a,Patrick Reed,PGA,79.17,78.84,25,0.32,9.4000,8.4800,11.0700,8.2000
$2K PGA Championship,2020-08-07T16:18:51.497967,estk_f684ba15bba0067a503f60443b3bd112,evt_f684ba15bba0067a,Webb Simpson,PGA,80.61,77.65,18,0.26,8.6700,9.3100,10.2700,6.9600
$2K PGA Championship,2020-08-07T16:18:51.497993,estk_f684ba15bba0067a9cb9fc3fe55be3c0,evt_f684ba15bba0067a,Adam Scott,PGA,73.25,76.01,24,0.29,7.4300,7.5200,9.3700,5.7000
$2K PGA Championship,2020-08-07T16:18:51.498012,estk_f684ba15bba0067adda748b4200f22bf,evt_f684ba15bba0067a,Paul Casey,PGA,71.81,75.14,22,0.26,6.3800,7.9300,7.9300,5.3300
$2K PGA Championship,2020-08-07T16:18:51.498024,estk_f684ba15bba0067a6db374755563ce83,evt_f684ba15bba0067a,Bubba Watson,PGA,74.72,72.56,21,0.31,5.8000,6.2900,7.3300,4.8500
$2K PGA Championship,2020-08-07T16:18:51.498031,estk_f684ba15bba0067a58f9d59b6d1e50b5,evt_f684ba15bba0067a,Kevin Streelman,PGA,70.04,73.33,25,0.31,5.6100,6.9300,6.9300,4.1100
$2K PGA Championship,2020-08-07T16:18:51.498051,estk_f684ba15bba0067a4fd2025821f57a83,evt_f684ba15bba0067a,Brendon Todd,PGA,65.31,72.33,24,0.26,5.3300,5.7400,6.8800,3.6900
$2K PGA Championship,2020-08-07T16:18:51.498066,estk_f684ba15bba0067a1c0e9cf8ef9eccd9,evt_f684ba15bba0067a,Matthew Wolff,PGA,70.62,70.73,22,0.31,4.8100,6.8800,6.2600,3.7800
$2K PGA Championship,2020-08-07T16:18:51.498078,estk_f684ba15bba0067a275b00a4c6134775,evt_f684ba15bba0067a,Rickie Fowler,PGA,72.08,71.18,20,0.29,4.6900,6.0700,6.0700,3.1200
$2K PGA Championship,2020-08-07T16:18:51.498082,estk_f684ba15bba0067a6ef252b94400baa3,evt_f684ba15bba0067a,Adam Hadwin,PGA,70.55,71.27,24,0.33,4.6500,6.0900,6.0800,3.1600
$2K PGA Championship,2020-08-07T16:18:51.498090,estk_f684ba15bba0067ada24800f4e7e1bae,evt_f684ba15bba0067a,Hao-Tong Li,PGA,61.29,71.23,32,0.36,4.5300,4.3200,6.0900,3.0800
$2K PGA Championship,2020-08-07T16:18:51.498145,estk_f684ba15bba0067a7ab7cd0f0adea4a7,evt_f684ba15bba0067a,Cameron Smith,PGA,66.57,68.26,21,0.29,3.4800,5.3100,5.2000,2.2400
$2K PGA Championship,2020-08-07T16:18:51.498156,estk_f684ba15bba0067ad8f0d69f88d3691a,evt_f684ba15bba0067a,Doc Redman,PGA,69.58,67.49,16,0.26,3.2700,5.1100,5.1100,2.3200
$2K PGA Championship,2020-08-07T16:18:51.498164,estk_f684ba15bba0067a727afcd55bf28e15,evt_f684ba15bba0067a,Brandt Snedeker,PGA,69.33,68.45,22,0.33,3.1400,5.0300,4.5700,2.0000
$2K PGA Championship,2020-08-07T16:18:51.498186,estk_f684ba15bba0067a7c4bd9c5a9725b31,evt_f684ba15bba0067a,Kevin Na,PGA,67.86,68.14,22,0.32,3.0300,4.7400,4.7300,2.1600
$2K PGA Championship,2020-08-07T16:18:51.498190,estk_f684ba15bba0067a439e82932be18fd4,evt_f684ba15bba0067a,Ian Poulter,PGA,68.59,66.76,16,0.26,3.0200,4.5800,4.5800,1.5100
$2K PGA Championship,2020-08-07T16:18:51.498208,estk_f684ba15bba0067aaf335bc9711cd18a,evt_f684ba15bba0067a,Lanto Griffin,PGA,57.83,67.01,30,0.36,2.8700,3.2900,4.1000,1.1200
$2K PGA Championship,2020-08-07T16:18:51.498230,estk_f684ba15bba0067a1d4f740cf9f348cc,evt_f684ba15bba0067a,Wyndham Clark,PGA,65,64.8,18,0.28,2.6200,4.0300,4.1700,1.5400
$2K PGA Championship,2020-08-07T16:18:51.498241,estk_f684ba15bba0067aff712a532f406304,evt_f684ba15bba0067a,Cameron Champ,PGA,62.34,65.26,21,0.29,2.5100,4.0000,4.0000,1.1600
$2K PGA Championship,2020-08-07T16:18:51.498250,estk_f684ba15bba0067a8c0c59e9f95a36fc,evt_f684ba15bba0067a,Graeme McDowell,PGA,64.26,63.34,19,0.31,2.4500,3.8700,3.8700,1.3700
$2K PGA Championship,2020-08-07T16:18:51.498272,estk_f684ba15bba0067a3f67e338f06084d7,evt_f684ba15bba0067a,Troy Merritt,PGA,65.54,63.19,16,0.28,2.2400,3.9400,3.9300,1.3200
$2K PGA Championship,2020-08-07T16:18:51.498283,estk_f684ba15bba0067aa2ae7a7605b3a52e,evt_f684ba15bba0067a,Denny McCarthy,PGA,61.69,63.8,20,0.29,2.1800,4.1200,3.7200,1.3300
$2K PGA Championship,2020-08-07T16:18:51.498294,estk_f684ba15bba0067a01a6a725cac7711c,evt_f684ba15bba0067a,Sergio Garcia,PGA,63.4,62.65,17,0.28,2.1100,3.2400,3.2300,
$2K PGA Championship,2020-08-07T16:18:51.498308,estk_f684ba15bba0067aa0281ba5dadc7019,evt_f684ba15bba0067a,Matt Jones,PGA,59.61,62.13,21,0.31,1.9300,3.5200,3.4700,
$2K PGA Championship,2020-08-07T16:18:51.498316,estk_f684ba15bba0067aabc28610c0242e1a,evt_f684ba15bba0067a,Phil Mickelson,PGA,58.85,61.37,19,0.28,1.8600,3.3900,3.4000,
$2K PGA Championship,2020-08-07T16:18:51.498324,estk_f684ba15bba0067af8fe16d2b4c741cc,evt_f684ba15bba0067a,Emiliano Grillo,PGA,57.48,62.09,23,0.32,1.8000,3.2300,3.2300,
$2K PGA Championship,2020-08-07T16:18:51.498335,estk_f684ba15bba0067a51313c80a6582bc4,evt_f684ba15bba0067a,Jim Herman,PGA,57.52,61.54,23,0.33,1.7100,3.2000,3.2000,
$2K PGA Championship,2020-08-07T16:18:51.498357,estk_f684ba15bba0067aa7bfa7533cb05037,evt_f684ba15bba0067a,Shaun Norris,PGA,51.98,58.83,24,0.33,1.4700,2.8000,2.8000,
$2K PGA Championship,2020-08-07T16:18:51.498368,estk_f684ba15bba0067ae10b01bbeec0220f,evt_f684ba15bba0067a,Jazz Janewattananond,PGA,59.79,58.26,17,0.31,1.4100,2.9900,2.9900,
$2K PGA Championship,2020-08-07T16:18:51.498379,estk_f684ba15bba0067abee3de13ab54603a,evt_f684ba15bba0067a,Joost Luiten,PGA,54.31,58.3,23,0.35,1.3600,2.8400,2.8400,
$2K PGA Championship,2020-08-07T16:18:51.498386,estk_f684ba15bba0067a5936e6a0df92674f,evt_f684ba15bba0067a,Xinjun Zhang,PGA,54.06,58.22,22,0.33,1.3200,2.9000,2.9100,
$2K PGA Championship,2020-08-07T16:18:51.498390,estk_f684ba15bba0067a6ece663c59eb1ec8,evt_f684ba15bba0067a,Rob Labritz,PGA,52.69,56.3,21,0.33,1.2500,2.8400,2.8400,
$2K PGA Championship,2020-08-07T16:18:51.498397,estk_f684ba15bba0067ab2f5bb952e86416d,evt_f684ba15bba0067a,Chan Kim,PGA,51.71,55.23,18,0.28,1.2100,2.7100,2.7100,
$2K PGA Championship,2020-08-07T16:18:51.498405,estk_f684ba15bba0067acea5bbca25f6bb2d,evt_f684ba15bba0067a,Robert Macintyre,PGA,52.89,55.97,20,0.32,1.1800,2.7200,2.7200,
$2K PGA Championship,2020-08-07T16:18:51.498410,estk_f684ba15bba0067af94b7e5eca9035c7,evt_f684ba15bba0067a,Cameron Tringale,PGA,52.65,56.8,21,0.32,1.1800,2.6900,2.6900,
$2K PGA Championship,2020-08-07T16:28:52.031875,estk_f684ba15bba0067ad11048af6a9aa9e4,evt_f684ba15bba0067a,Bryson DeChambeau,PGA,78.8,79.37,25,0.31,10.2600,8.3100,11.9200,9.0300
$2K PGA Championship,2020-08-07T16:28:52.031902,estk_f684ba15bba0067a503f60443b3bd112,evt_f684ba15bba0067a,Webb Simpson,PGA,80.61,77.04,19,0.28,8.6700,9.3100,10.2700,6.9600
$2K PGA Championship,2020-08-07T16:28:52.031947,estk_f684ba15bba0067a3d3360a6372e1b4e,evt_f684ba15bba0067a,Viktor Hovland,PGA,71.54,73.36,24,0.31,6.8400,6.7500,8.5400,4.9600
$2K PGA Championship,2020-08-07T16:28:52.031956,estk_f684ba15bba0067adda748b4200f22bf,evt_f684ba15bba0067a,Paul Casey,PGA,71.81,74.7,23,0.28,6.3800,7.9300,7.9300,5.3300
$2K PGA Championship,2020-08-07T16:28:52.031960,estk_f684ba15bba0067a527c5abfc1093b26,evt_f684ba15bba0067a,Hideki Matsuyama,PGA,73.23,73.53,23,0.31,6.3100,7.7700,7.8000,4.8200
$2K PGA Championship,2020-08-07T16:28:52.031981,estk_f684ba15bba0067a60e6f2aa7e058964,evt_f684ba15bba0067a,Tommy Fleetwood,PGA,71.2,72.13,23,0.31,5.5600,6.6000,7.2200,3.7300
$2K PGA Championship,2020-08-07T16:28:52.031990,estk_f684ba15bba0067adc1e23aa4cb30164,evt_f684ba15bba0067a,Marc Leishman,PGA,72.48,72.64,19,0.26,5.5000,7.1600,7.1200,4.5600
$2K PGA Championship,2020-08-07T16:28:52.032025,estk_f684ba15bba0067a275b00a4c6134775,evt_f684ba15bba0067a,Rickie Fowler,PGA,72.08,70.74,21,0.31,4.6900,6.0700,6.0700,3.1200
$2K PGA Championship,2020-08-07T16:28:52.032033,estk_f684ba15bba0067ae84f621105202612,evt_f684ba15bba0067a,Matt Kuchar,PGA,71.49,70.9,18,0.26,4.6200,5.7800,6.2400,3.3000
$2K PGA Championship,2020-08-07T16:28:52.032042,estk_f684ba15bba0067aa8b79a109f7cf8a2,evt_f684ba15bba0067a,Byeong Hun An,PGA,72.66,68.23,21,0.35,4.5100,5.9800,5.9700,3.4100
$2K PGA Championship,2020-08-07T16:28:52.032059,estk_f684ba15bba0067a467812ddab873919,evt_f684ba15bba0067a,J.T. Poston,PGA,67.2,69.02,24,0.33,4.0700,6.5300,5.6100,2.9300
$2K PGA Championship,2020-08-07T16:28:52.032067,estk_f684ba15bba0067a3544479351e1ff63,evt_f684ba15bba0067a,Billy Horschel,PGA,67.26,69.74,24,0.32,3.9900,5.6200,5.6200,2.9800
$2K PGA Championship,2020-08-07T16:28:52.032090,estk_f684ba15bba0067aa251d6b9cc0a07e5,evt_f684ba15bba0067a,Sungjae Im,PGA,72.23,67.95,21,0.35,3.5400,6.3700,4.9400,2.3900
$2K PGA Championship,2020-08-07T16:28:52.032110,estk_f684ba15bba0067ad8f0d69f88d3691a,evt_f684ba15bba0067a,Doc Redman,PGA,69.58,67.1,17,0.28,3.2700,5.1100,5.1100,2.3200
$2K PGA Championship,2020-08-07T16:28:52.032126,estk_f684ba15bba0067a8e366112314840d7,evt_f684ba15bba0067a,Keegan Bradley,PGA,70.32,66.52,18,0.31,3.1100,5.5000,4.6500,2.2100
$2K PGA Championship,2020-08-07T16:28:52.032137,estk_f684ba15bba0067a499f65e84c5a381b,evt_f684ba15bba0067a,Jim Furyk,PGA,65,66.2,22,0.32,3.0400,4.6000,4.4700,1.7700
$2K PGA Championship,2020-08-07T16:28:52.032145,estk_f684ba15bba0067a439e82932be18fd4,evt_f684ba15bba0067a,Ian Poulter,PGA,68.59,64.38,15,0.28,3.0200,4.5800,4.5800,1.5100
$2K PGA Championship,2020-08-07T16:28:52.032149,estk_f684ba15bba0067a3a3fd2efe45d4190,evt_f684ba15bba0067a,Harold Varner III,PGA,65.85,67.12,23,0.33,2.9900,4.2300,4.2300,1.7000
$2K PGA Championship,2020-08-07T16:28:52.032179,estk_f684ba15bba0067a5568e0a9fa2706a5,evt_f684ba15bba0067a,Jimmy Walker,PGA,68.37,66.18,19,0.31,2.6800,4.7500,4.2300,1.7600
$2K PGA Championship,2020-08-07T16:28:52.032186,estk_f684ba15bba0067a1d4f740cf9f348cc,evt_f684ba15bba0067a,Wyndham Clark,PGA,65,66.15,20,0.29,2.6200,4.0300,4.1700,1.5400
$2K PGA Championship,2020-08-07T16:28:52.032194,estk_f684ba15bba0067a56ab6ba90ba02e56,evt_f684ba15bba0067a,Joaquin Niemann,PGA,70.79,65.43,18,0.33,2.5200,4.0100,4.0100,1.4400
$2K PGA Championship,2020-08-07T16:28:52.032213,estk_f684ba15bba0067a43668873521e8e14,evt_f684ba15bba0067a,Matt Wallace,PGA,62.86,65.52,19,0.26,2.4100,3.9600,3.9300,1.5600
$2K PGA Championship,2020-08-07T16:28:52.032224,estk_f684ba15bba0067a3f67e338f06084d7,evt_f684ba15bba0067a,Troy Merritt,PGA,65.54,64.53,18,0.29,2.2400,3.9400,3.9300,1.3200
$2K PGA Championship,2020-08-07T16:28:52.032227,estk_f684ba15bba0067a9d863c21b98c587e,evt_f684ba15bba0067a,Christiaan Bezuidenhout,PGA,59.72,64.03,27,0.38,2.2100,3.2900,3.4700,
$2K PGA Championship,2020-08-07T16:28:52.032263,estk_f684ba15bba0067a40e1350656ce7a59,evt_f684ba15bba0067a,Brian Stuard,PGA,62.83,62.72,20,0.32,1.9000,4.0900,3.4800,1.0800
$2K PGA Championship,2020-08-07T16:28:52.032274,estk_f684ba15bba0067af8fe16d2b4c741cc,evt_f684ba15bba0067a,Emiliano Grillo,PGA,57.48,62.51,24,0.33,1.8000,3.2300,3.2300,
$2K PGA Championship,2020-08-07T16:28:52.032286,estk_f684ba15bba0067a51313c80a6582bc4,evt_f684ba15bba0067a,Jim Herman,PGA,57.52,62.39,25,0.35,1.7100,3.2000,3.2000,
$2K PGA Championship,2020-08-07T16:28:52.032304,estk_f684ba15bba0067a4f70a08a1a272573,evt_f684ba15bba0067a,Talor Gooch,PGA,54.89,58.68,23,0.35,1.5100,2.9900,2.9900,
$2K PGA Championship,2020-08-07T16:28:52.032308,estk_f684ba15bba0067aa7bfa7533cb05037,evt_f684ba15bba0067a,Shaun Norris,PGA,51.98,58.79,25,0.35,1.4700,2.8000,2.8000,
$2K PGA Championship,2020-08-07T16:28:52.032326,estk_f684ba15bba0067a4e3c375c77ca101d,evt_f684ba15bba0067a,Tyler Duncan,PGA,60.82,58.71,21,0.38,1.3900,2.9900,2.8800,
$2K PGA Championship,2020-08-07T16:28:52.032330,estk_f684ba15bba0067abee3de13ab54603a,evt_f684ba15bba0067a,Joost Luiten,PGA,54.31,59.76,25,0.36,1.3600,2.8400,2.8400,
$2K PGA Championship,2020-08-07T16:28:52.032341,estk_f684ba15bba0067a6ece663c59eb1ec8,evt_f684ba15bba0067a,Rob Labritz,PGA,52.69,56.25,22,0.35,1.2500,2.8400,2.8400,
$2K PGA Championship,2020-08-07T16:28:52.032348,estk_f684ba15bba0067ab2f5bb952e86416d,evt_f684ba15bba0067a,Chan Kim,PGA,51.71,54.71,18,0.29,1.2100,2.7100,2.7100,
$2K PGA Championship,2020-08-07T16:28:52.032359,estk_f684ba15bba0067af94b7e5eca9035c7,evt_f684ba15bba0067a,Cameron Tringale,PGA,52.65,57.28,22,0.33,1.1800,2.6900,2.6900,
$2K PGA Championship,2020-08-07T16:28:52.032370,estk_f684ba15bba0067a08a1e3f033f987a2,evt_f684ba15bba0067a,Davis Love III,PGA,54.21,54.4,17,0.31,1.1500,2.6900,2.7100,
$2K PGA Championship,2020-08-07T16:28:52.032402,estk_f684ba15bba0067a90b7d0d78beb20ec,evt_f684ba15bba0067a,Jorge Campillo,PGA,51.73,50.11,17,0.36,1.0200,2.6300,2.5500,
$2K PGA Championship,2020-08-07T16:38:52.639468,estk_f684ba15bba0067a03fcb99bd098267b,evt_f684ba15bba0067a,Patrick Reed,PGA,79.17,79.04,26,0.33,9.7400,8.4800,11.0700,8.2000
$2K PGA Championship,2020-08-07T16:38:52.639473,estk_f684ba15bba0067af40801c5943c8d94,evt_f684ba15bba0067a,Jon Rahm,PGA,79.94,78.76,22,0.29,9.6200,8.9500,11.5100,8.1700
$2K PGA Championship,2020-08-07T16:38:52.639516,estk_f684ba15bba0067a9cb9fc3fe55be3c0,evt_f684ba15bba0067a,Adam Scott,PGA,73.25,75.54,25,0.31,7.3000,7.5200,9.3700,5.9800
$2K PGA Championship,2020-08-07T16:38:52.639549,estk_f684ba15bba0067a60e6f2aa7e058964,evt_f684ba15bba0067a,Tommy Fleetwood,PGA,71.2,73.42,25,0.32,5.9400,6.6000,7.2200,3.7300
$2K PGA Championship,2020-08-07T16:38:52.639561,estk_f684ba15bba0067a4e5af02280177635,evt_f684ba15bba0067a,Si Woo Kim,PGA,69.7,72.58,21,0.26,5.6100,6.5800,6.4000,3.8700
$2K PGA Championship,2020-08-07T16:38:52.639576,estk_f684ba15bba0067a4fd2025821f57a83,evt_f684ba15bba0067a,Brendon Todd,PGA,65.31,72.02,25,0.28,5.2700,5.7400,6.8800,3.9000
$2K PGA Championship,2020-08-07T16:38:52.639583,estk_f684ba15bba0067a6db374755563ce83,evt_f684ba15bba0067a,Bubba Watson,PGA,74.72,71.81,21,0.32,5.0700,6.2900,7.1200,3.8500
$2K PGA Championship,2020-08-07T16:38:52.639587,estk_f684ba15bba0067ada24800f4e7e1bae,evt_f684ba15bba0067a,Hao-Tong Li,PGA,61.29,72,34,0.38,5.0600,4.3200,6.0900,3.0800
$2K PGA Championship,2020-08-07T16:38:52.639606,estk_f684ba15bba0067a1c0e9cf8ef9eccd9,evt_f684ba15bba0067a,Matthew Wolff,PGA,70.62,71.02,23,0.32,4.6600,6.8800,6.2600,3.6800
$2K PGA Championship,2020-08-07T16:38:52.639635,estk_f684ba15bba0067a3544479351e1ff63,evt_f684ba15bba0067a,Billy Horschel,PGA,67.26,69.06,24,0.33,3.8300,5.6200,5.6200,2.9800
$2K PGA Championship,2020-08-07T16:38:52.639650,estk_f684ba15bba0067a467812ddab873919,evt_f684ba15bba0067a,J.T. Poston,PGA,67.2,68.68,25,0.35,3.6200,6.5300,5.6100,2.9300
$2K PGA Championship,2020-08-07T16:38:52.639657,estk_f684ba15bba0067a7c4bd9c5a9725b31,evt_f684ba15bba0067a,Kevin Na,PGA,67.86,68.47,23,0.33,3.5800,4.7400,4.7300,3.8900
$2K PGA Championship,2020-08-07T16:38:52.639673,estk_f684ba15bba0067aa8b79a109f7cf8a2,evt_f684ba15bba0067a,Byeong Hun An,PGA,72.66,68.5,22,0.36,3.5200,5.9800,5.0100,2.5000
$2K PGA Championship,2020-08-07T16:38:52.639685,estk_f684ba15bba0067a3a3fd2efe45d4190,evt_f684ba15bba0067a,Harold Varner III,PGA,65.85,67.8,25,0.35,3.2700,4.2300,4.2300,1.7000
$2K PGA Championship,2020-08-07T16:38:52.639688,estk_f684ba15bba0067a4be0d7fc77429fae,evt_f684ba15bba0067a,Sepp Straka,PGA,63.75,67.17,20,0.26,3.2500,4.2900,4.0600,1.6500
$2K PGA Championship,2020-08-07T16:38:52.639707,estk_f684ba15bba0067aa251d6b9cc0a07e5,evt_f684ba15bba0067a,Sungjae Im,PGA,72.23,67.23,21,0.36,3.0800,6.3700,4.9400,2.3900
$2K PGA Championship,2020-08-07T16:38:52.639746,estk_f684ba15bba0067a56ab6ba90ba02e56,evt_f684ba15bba0067a,Joaquin Niemann,PGA,70.79,66.01,20,0.35,2.6900,4.0100,4.0100,1.4400
$2K PGA Championship,2020-08-07T16:38:52.639750,estk_f684ba15bba0067a499f65e84c5a381b,evt_f684ba15bba0067a,Jim Furyk,PGA,65,65.55,22,0.33,2.6300,4.6000,4.4700,1.7700
$2K PGA Championship,2020-08-07T16:38:52.639761,estk_f684ba15bba0067aaf335bc9711cd18a,evt_f684ba15bba0067a,Lanto Griffin,PGA,57.83,65.85,30,0.38,2.6000,3.2900,4.1000,1.4200
$2K PGA Championship,2020-08-07T16:38:52.639797,estk_f684ba15bba0067a8c0c59e9f95a36fc,evt_f684ba15bba0067a,Graeme McDowell,PGA,64.26,63.7,20,0.32,2.1700,3.8700,3.8700,1.3100
$2K PGA Championship,2020-08-07T16:38:52.639811,estk_f684ba15bba0067a01a6a725cac7711c,evt_f684ba15bba0067a,Sergio Garcia,PGA,63.4,63.01,18,0.29,2.1000,3.2400,3.2300,
$2K PGA Championship,2020-08-07T16:38:52.639822,estk_f684ba15bba0067a40e1350656ce7a59,evt_f684ba15bba0067a,Brian Stuard,PGA,62.83,63.1,21,0.33,2.0100,4.0900,3.4800,1.0800
$2K PGA Championship,2020-08-07T16:38:52.639829,estk_f684ba15bba0067a51313c80a6582bc4,evt_f684ba15bba0067a,Jim Herman,PGA,57.52,62.81,26,0.36,1.9400,3.2000,3.2000,
$2K PGA Championship,2020-08-07T16:38:52.639850,estk_f684ba15bba0067aabc28610c0242e1a,evt_f684ba15bba0067a,Phil Mickelson,PGA,58.85,60.78,19,0.29,1.6900,3.3900,3.4000,
$2K PGA Championship,2020-08-07T16:38:52.639861,estk_f684ba15bba0067abee3de13ab54603a,evt_f684ba15bba0067a,Joost Luiten,PGA,54.31,60.67,27,0.38,1.5500,2.8400,2.8400,
$2K PGA Championship,2020-08-07T16:38:52.639865,estk_f684ba15bba0067a24767e7a4d8ae0f3,evt_f684ba15bba0067a,Mark Hubbard,PGA,53.58,58.65,19,0.26,1.4700,2.8900,2.8900,
$2K PGA Championship,2020-08-07T16:38:52.639872,estk_f684ba15bba0067aa7bfa7533cb05037,evt_f684ba15bba0067a,Shaun Norris,PGA,51.98,59.27,26,0.36,1.4200,2.8000,2.8000,
$2K PGA Championship,2020-08-07T16:38:52.639876,estk_f684ba15bba0067af12a9560822021e0,evt_f684ba15bba0067a,Kurt Kitayama,PGA,52.4,59.49,27,0.38,1.4100,2.8200,3.0700,
