name,time,id,event_id,stock_name,sector,fantasy_points_projected,fantasy_points_projected_live,fantasy_points_scored,amount_completed,estimated_price,last_price,ask_price,bid_price
$500 NBA Daily 8/17,2020-08-17T14:39:36.527197,estk_99b64ab9f697d4ba7a763361bd2f9a08,evt_99b64ab9f697d4ba,Joel Embiid,NBA,51.78,,,,,,,
$500 NBA Daily 8/17,2020-08-17T14:39:36.527227,estk_99b64ab9f697d4ba953b227a97f4290a,evt_99b64ab9f697d4ba,Luka Doncic,NBA,50.84,,,,,,,
$500 NBA Daily 8/17,2020-08-17T14:39:36.527232,estk_99b64ab9f697d4baa488da70359965f9,evt_99b64ab9f697d4ba,Kristaps Porzingis,NBA,42.73,,,,,,,
$500 NBA Daily 8/17,2020-08-17T14:39:36.527236,estk_99b64ab9f697d4babb115bd4f54ff319,evt_99b64ab9f697d4ba,Kawhi Leonard,NBA,42.29,,,,,,,
$500 NBA Daily 8/17,2020-08-17T14:39:36.527243,estk_99b64ab9f697d4baf59563a6406f63f4,evt_99b64ab9f697d4ba,Paul George,NBA,40.13,,,,,,,
$500 NBA Daily 8/17,2020-08-17T14:39:36.527246,estk_99b64ab9f697d4bada4bddbbc347c31f,evt_99b64ab9f697d4ba,Jayson Tatum,NBA,35.35,,,,,,,
$500 NBA Daily 8/17,2020-08-17T14:39:36.527250,estk_99b64ab9f697d4ba77c3d3d4d8ad15c5,evt_99b64ab9f697d4ba,Tobias Harris,NBA,31.88,,,,,,,
$500 NBA Daily 8/17,2020-08-17T14:39:36.527254,estk_99b64ab9f697d4ba4b8c495d9fa8db90,evt_99b64ab9f697d4ba,Jaylen Brown,NBA,29.04,,,,,,,
$500 NBA Daily 8/17,2020-08-17T14:39:36.527257,estk_99b64ab9f697d4baf7c5bbc448149f99,evt_99b64ab9f697d4ba,Gordon Hayward,NBA,28.9,,,,,,,
$500 NBA Daily 8/17,2020-08-17T14:39:36.527261,estk_99b64ab9f697d4baa9edb859d18234d0,evt_99b64ab9f697d4ba,Kemba Walker,NBA,27.97,,,,,,,
$500 NBA Daily 8/17,2020-08-17T14:39:36.527264,estk_99b64ab9f697d4ba63a58b55849249a4,evt_99b64ab9f697d4ba,Al Horford,NBA,27.79,,,,,,,
$500 NBA Daily 8/17,2020-08-17T14:39:36.527268,estk_99b64ab9f697d4ba6d025fb040fb2e88,evt_99b64ab9f697d4ba,Dorian Finney-Smith,NBA,24.7,,,,,,,
$500 NBA Daily 8/17,2020-08-17T14:39:36.527271,estk_99b64ab9f697d4bab3147c681557a264,evt_99b64ab9f697d4ba,Josh Richardson,NBA,23.84,,,,,,,
$500 NBA Daily 8/17,2020-08-17T14:39:36.527274,estk_99b64ab9f697d4baaf1a06f413850d3c,evt_99b64ab9f697d4ba,Montrezl Harrell,NBA,22.9,,,,,,,
$500 NBA Daily 8/17,2020-08-17T14:39:36.527278,estk_99b64ab9f697d4ba8bf6dd5c69dbd6c9,evt_99b64ab9f697d4ba,Tim Hardaway,NBA,21.55,,,,,,,
$500 NBA Daily 8/17,2020-08-17T14:39:36.527281,estk_99b64ab9f697d4ba049fe8ca7bf97ec4,evt_99b64ab9f697d4ba,Marcus Smart,NBA,21.49,,,,,,,
$500 NBA Daily 8/17,2020-08-17T14:39:36.527285,estk_99b64ab9f697d4ba57693decb131a860,evt_99b64ab9f697d4ba,Lou Williams,NBA,20.78,,,,,,,
$500 NBA Daily 8/17,2020-08-17T14:39:36.527288,estk_99b64ab9f697d4ba201a5680f9441b5c,evt_99b64ab9f697d4ba,Daniel Theis,NBA,19.63,,,,,,,
$500 NBA Daily 8/17,2020-08-17T14:39:36.527292,estk_99b64ab9f697d4ba6e82fa5f30bdfa80,evt_99b64ab9f697d4ba,Marcus Morris,NBA,19.14,,,,,,,
$500 NBA Daily 8/17,2020-08-17T14:39:36.527295,estk_99b64ab9f697d4ba85e7a39b281a7530,evt_99b64ab9f697d4ba,Ivica Zubac,NBA,17.96,,,,,,,
$500 NBA Daily 8/17,2020-08-17T14:39:36.527298,estk_99b64ab9f697d4ba521208388656c595,evt_99b64ab9f697d4ba,Trey Burke,NBA,17.27,,,,,,,
$500 NBA Daily 8/17,2020-08-17T14:39:36.527302,estk_99b64ab9f697d4bab402a1af1291a618,evt_99b64ab9f697d4ba,Patrick Beverley,NBA,16.84,,,,,,,
$500 NBA Daily 8/17,2020-08-17T14:39:36.527307,estk_99b64ab9f697d4badffaf5f9be93f5bc,evt_99b64ab9f697d4ba,Maxi Kleber,NBA,16.84,,,,,,,
$500 NBA Daily 8/17,2020-08-17T14:39:36.527310,estk_99b64ab9f697d4baa1e25447b314f889,evt_99b64ab9f697d4ba,Shake Milton,NBA,16.44,,,,,,,
$500 NBA Daily 8/17,2020-08-17T14:39:36.527314,estk_99b64ab9f697d4baf101f1906b677e1c,evt_99b64ab9f697d4ba,JaMychal Green,NBA,15.14,,,,,,,
$500 NBA Daily 8/17,2020-08-17T14:39:36.527317,estk_99b64ab9f697d4babc37c5910679509b,evt_99b64ab9f697d4ba,Seth Curry,NBA,15,,,,,,,
$500 NBA Daily 8/17,2020-08-17T14:39:36.527321,estk_99b64ab9f697d4ba575ca725abf50fd3,evt_99b64ab9f697d4ba,Alec Burks,NBA,14.24,,,,,,,
$500 NBA Daily 8/17,2020-08-17T14:39:36.527324,estk_99b64ab9f697d4babea985900c08dd79,evt_99b64ab9f697d4ba,Delon Wright,NBA,13.79,,,,,,,
$500 NBA Daily 8/17,2020-08-17T14:39:36.527328,estk_99b64ab9f697d4ba233a24e71677893c,evt_99b64ab9f697d4ba,Robert Williams,NBA,13.77,,,,,,,
$500 NBA Daily 8/17,2020-08-17T14:39:36.527333,estk_99b64ab9f697d4ba92bc30f31e413420,evt_99b64ab9f697d4ba,Matisse Thybulle,NBA,13.14,,,,,,,
$500 NBA Daily 8/17,2020-08-17T14:39:36.527337,estk_99b64ab9f697d4bae9aea717e9a5e7f3,evt_99b64ab9f697d4ba,Reggie Jackson,NBA,12.53,,,,,,,
$500 NBA Daily 8/17,2020-08-17T14:39:36.527341,estk_99b64ab9f697d4baf7a31aec0adc59e2,evt_99b64ab9f697d4ba,Landry Shamet,NBA,11.87,,,,,,,
$500 NBA Daily 8/17,2020-08-17T20:58:58.361973,estk_99b64ab9f697d4ba7a763361bd2f9a08,evt_99b64ab9f697d4ba,Joel Embiid,NBA,51.78,51.78,0,0,15.2800,9.2700,17.0900,
$500 NBA Daily 8/17,2020-08-17T20:58:58.362008,estk_99b64ab9f697d4ba953b227a97f4290a,evt_99b64ab9f697d4ba,Luka Doncic,NBA,50.84,50.84,0,0,14.8400,9.2200,16.6400,
$500 NBA Daily 8/17,2020-08-17T20:58:58.362013,estk_99b64ab9f697d4baa488da70359965f9,evt_99b64ab9f697d4ba,Kristaps Porzingis,NBA,42.73,42.73,0,0,11.2300,8.6500,12.9500,
$500 NBA Daily 8/17,2020-08-17T20:58:58.362018,estk_99b64ab9f697d4babb115bd4f54ff319,evt_99b64ab9f697d4ba,Kawhi Leonard,NBA,42.29,42.29,0,0,11.1700,8.5300,12.8900,
$500 NBA Daily 8/17,2020-08-17T20:58:58.362022,estk_99b64ab9f697d4baf59563a6406f63f4,evt_99b64ab9f697d4ba,Paul George,NBA,40.13,40.13,0,0,10.1100,8.3600,11.8100,
$500 NBA Daily 8/17,2020-08-17T20:58:58.362026,estk_99b64ab9f697d4bada4bddbbc347c31f,evt_99b64ab9f697d4ba,Jayson Tatum,NBA,35.35,35.35,0,0,8.2900,7.4600,9.9600,
$500 NBA Daily 8/17,2020-08-17T20:58:58.362030,estk_99b64ab9f697d4ba77c3d3d4d8ad15c5,evt_99b64ab9f697d4ba,Tobias Harris,NBA,31.88,31.88,0,0,7.0000,6.6600,8.6400,
$500 NBA Daily 8/17,2020-08-17T20:58:58.362034,estk_99b64ab9f697d4ba4b8c495d9fa8db90,evt_99b64ab9f697d4ba,Jaylen Brown,NBA,29.04,29.04,0,0,6.1600,5.8500,7.7800,
$500 NBA Daily 8/17,2020-08-17T20:58:58.362038,estk_99b64ab9f697d4baf7c5bbc448149f99,evt_99b64ab9f697d4ba,Gordon Hayward,NBA,28.9,28.9,0,0,6.0000,5.8100,7.6200,
$500 NBA Daily 8/17,2020-08-17T20:58:58.362042,estk_99b64ab9f697d4baa9edb859d18234d0,evt_99b64ab9f697d4ba,Kemba Walker,NBA,27.97,27.97,0,0,5.7600,5.5000,7.3800,
$500 NBA Daily 8/17,2020-08-17T20:58:58.362045,estk_99b64ab9f697d4ba63a58b55849249a4,evt_99b64ab9f697d4ba,Al Horford,NBA,27.79,27.79,0,0,5.7000,5.4700,7.3100,
$500 NBA Daily 8/17,2020-08-17T20:58:58.362049,estk_99b64ab9f697d4ba6d025fb040fb2e88,evt_99b64ab9f697d4ba,Dorian Finney-Smith,NBA,24.7,24.7,0,0,4.8800,4.6800,6.4800,
$500 NBA Daily 8/17,2020-08-17T20:58:58.362053,estk_99b64ab9f697d4bab3147c681557a264,evt_99b64ab9f697d4ba,Josh Richardson,NBA,23.84,23.84,0,0,4.6200,4.4900,6.2100,
$500 NBA Daily 8/17,2020-08-17T20:58:58.362056,estk_99b64ab9f697d4baaf1a06f413850d3c,evt_99b64ab9f697d4ba,Montrezl Harrell,NBA,22.9,22.9,0,0,4.4100,4.2600,6.0000,
$500 NBA Daily 8/17,2020-08-17T20:58:58.362060,estk_99b64ab9f697d4ba049fe8ca7bf97ec4,evt_99b64ab9f697d4ba,Marcus Smart,NBA,21.49,21.49,0,0,4.1100,3.9300,5.6900,
$500 NBA Daily 8/17,2020-08-17T20:58:58.362064,estk_99b64ab9f697d4ba8bf6dd5c69dbd6c9,evt_99b64ab9f697d4ba,Tim Hardaway,NBA,21.55,21.55,0,0,4.0100,3.9400,5.5900,
$500 NBA Daily 8/17,2020-08-17T20:58:58.362068,estk_99b64ab9f697d4ba57693decb131a860,evt_99b64ab9f697d4ba,Lou Williams,NBA,20.78,20.78,0,0,3.8800,3.7700,5.4600,
$500 NBA Daily 8/17,2020-08-17T20:58:58.362072,estk_99b64ab9f697d4ba201a5680f9441b5c,evt_99b64ab9f697d4ba,Daniel Theis,NBA,19.63,19.63,0,0,3.6600,3.5400,5.2300,
$500 NBA Daily 8/17,2020-08-17T20:58:58.362076,estk_99b64ab9f697d4ba6e82fa5f30bdfa80,evt_99b64ab9f697d4ba,Marcus Morris,NBA,19.14,19.14,0,0,3.5400,3.4300,5.1100,
$500 NBA Daily 8/17,2020-08-17T20:58:58.362080,estk_99b64ab9f697d4ba85e7a39b281a7530,evt_99b64ab9f697d4ba,Ivica Zubac,NBA,17.96,17.96,0,0,3.3000,3.2300,4.8700,
$500 NBA Daily 8/17,2020-08-17T20:58:58.362084,estk_99b64ab9f697d4ba521208388656c595,evt_99b64ab9f697d4ba,Trey Burke,NBA,17.27,17.27,0,0,3.2200,3.0800,4.7800,
$500 NBA Daily 8/17,2020-08-17T20:58:58.362088,estk_99b64ab9f697d4badffaf5f9be93f5bc,evt_99b64ab9f697d4ba,Maxi Kleber,NBA,16.84,16.84,0,0,3.1500,3.0300,4.7100,
$500 NBA Daily 8/17,2020-08-17T20:58:58.362091,estk_99b64ab9f697d4bab402a1af1291a618,evt_99b64ab9f697d4ba,Patrick Beverley,NBA,16.84,16.84,0,0,3.1200,3.0300,4.6800,
$500 NBA Daily 8/17,2020-08-17T20:58:58.362095,estk_99b64ab9f697d4baa1e25447b314f889,evt_99b64ab9f697d4ba,Shake Milton,NBA,16.44,16.44,0,0,3.0700,2.9600,4.6300,
$500 NBA Daily 8/17,2020-08-17T20:58:58.362099,estk_99b64ab9f697d4babc37c5910679509b,evt_99b64ab9f697d4ba,Seth Curry,NBA,15,15,0,0,2.8600,2.7400,4.4200,
$500 NBA Daily 8/17,2020-08-17T20:58:58.362102,estk_99b64ab9f697d4baf101f1906b677e1c,evt_99b64ab9f697d4ba,JaMychal Green,NBA,15.14,15.14,0,0,2.8400,2.7800,4.4000,
$500 NBA Daily 8/17,2020-08-17T20:58:58.362106,estk_99b64ab9f697d4ba575ca725abf50fd3,evt_99b64ab9f697d4ba,Alec Burks,NBA,14.24,14.24,0,0,2.7000,2.6200,4.2500,
$500 NBA Daily 8/17,2020-08-17T20:58:58.362109,estk_99b64ab9f697d4babea985900c08dd79,evt_99b64ab9f697d4ba,Delon Wright,NBA,13.79,13.79,0,0,2.6500,2.5800,4.2000,
$500 NBA Daily 8/17,2020-08-17T20:58:58.362113,estk_99b64ab9f697d4ba233a24e71677893c,evt_99b64ab9f697d4ba,Robert Williams,NBA,13.77,13.77,0,0,2.6000,2.6000,4.1500,
$500 NBA Daily 8/17,2020-08-17T20:58:58.362117,estk_99b64ab9f697d4ba92bc30f31e413420,evt_99b64ab9f697d4ba,Matisse Thybulle,NBA,13.14,13.14,0,0,2.5200,2.4900,4.0700,
$500 NBA Daily 8/17,2020-08-17T20:58:58.362121,estk_99b64ab9f697d4bae9aea717e9a5e7f3,evt_99b64ab9f697d4ba,Reggie Jackson,NBA,12.53,12.53,0,0,2.4400,2.4100,3.9900,
$500 NBA Daily 8/17,2020-08-17T20:58:58.362124,estk_99b64ab9f697d4baf7a31aec0adc59e2,evt_99b64ab9f697d4ba,Landry Shamet,NBA,11.87,11.87,0,0,2.3700,2.3200,3.9200,
$500 NBA Daily 8/17,2020-08-17T22:44:30.391606,estk_99b64ab9f697d4ba7a763361bd2f9a08,evt_99b64ab9f697d4ba,Joel Embiid,NBA,51.78,52.74,2,0.02,15.3700,9.2700,17.0900,1.6700
$500 NBA Daily 8/17,2020-08-17T22:44:30.391651,estk_99b64ab9f697d4bada4bddbbc347c31f,evt_99b64ab9f697d4ba,Jayson Tatum,NBA,35.35,34.64,0,0.02,8.1800,9.9600,9.9600,8.5500
$500 NBA Daily 8/17,2020-08-17T22:44:30.391655,estk_99b64ab9f697d4ba77c3d3d4d8ad15c5,evt_99b64ab9f697d4ba,Tobias Harris,NBA,31.88,31.24,0,0.02,7.0600,6.6600,8.6400,3.0800
$500 NBA Daily 8/17,2020-08-17T22:44:30.391658,estk_99b64ab9f697d4ba4b8c495d9fa8db90,evt_99b64ab9f697d4ba,Jaylen Brown,NBA,29.04,28.46,0,0.02,6.1200,5.8500,7.7800,7.2800
$500 NBA Daily 8/17,2020-08-17T22:44:30.391662,estk_99b64ab9f697d4baf7c5bbc448149f99,evt_99b64ab9f697d4ba,Gordon Hayward,NBA,28.9,28.32,0,0.02,6.0900,5.8100,7.6200,7.1200
$500 NBA Daily 8/17,2020-08-17T22:44:30.391666,estk_99b64ab9f697d4baa9edb859d18234d0,evt_99b64ab9f697d4ba,Kemba Walker,NBA,27.97,26.91,-0.5,0.02,5.8000,7.3800,7.3800,4.4700
$500 NBA Daily 8/17,2020-08-17T22:44:30.391670,estk_99b64ab9f697d4ba63a58b55849249a4,evt_99b64ab9f697d4ba,Al Horford,NBA,27.79,26.73,-0.5,0.02,5.7000,5.4700,7.3100,4.0900
$500 NBA Daily 8/17,2020-08-17T22:44:30.391678,estk_99b64ab9f697d4bab3147c681557a264,evt_99b64ab9f697d4ba,Josh Richardson,NBA,23.84,23.36,0,0.02,4.6700,4.4900,6.2100,1.5000
$500 NBA Daily 8/17,2020-08-17T22:44:30.391689,estk_99b64ab9f697d4ba049fe8ca7bf97ec4,evt_99b64ab9f697d4ba,Marcus Smart,NBA,21.49,21.06,0,0.02,4.0500,3.9300,5.6900,5.1900
$500 NBA Daily 8/17,2020-08-17T22:44:30.391696,estk_99b64ab9f697d4ba201a5680f9441b5c,evt_99b64ab9f697d4ba,Daniel Theis,NBA,19.63,18.74,-0.5,0.02,3.6700,3.5400,5.2300,4.5000
$500 NBA Daily 8/17,2020-08-17T22:44:30.391711,estk_99b64ab9f697d4baa1e25447b314f889,evt_99b64ab9f697d4ba,Shake Milton,NBA,16.44,16.11,0,0.02,3.1000,2.9600,4.6300,2.4700
$500 NBA Daily 8/17,2020-08-17T22:44:30.391728,estk_99b64ab9f697d4ba575ca725abf50fd3,evt_99b64ab9f697d4ba,Alec Burks,NBA,14.24,13.96,0,0.02,2.6800,2.6200,4.2500,1.9700
$500 NBA Daily 8/17,2020-08-17T22:44:30.391732,estk_99b64ab9f697d4ba233a24e71677893c,evt_99b64ab9f697d4ba,Robert Williams,NBA,13.77,13.49,0,0.02,2.6300,2.6000,4.1500,3.6500
$500 NBA Daily 8/17,2020-08-17T22:44:30.391739,estk_99b64ab9f697d4ba92bc30f31e413420,evt_99b64ab9f697d4ba,Matisse Thybulle,NBA,13.14,12.88,0,0.02,2.5100,2.4900,4.0700,3.5700
$500 NBA Daily 8/17,2020-08-17T22:45:31.125333,estk_99b64ab9f697d4ba7a763361bd2f9a08,evt_99b64ab9f697d4ba,Joel Embiid,NBA,51.78,53.71,4,0.04,15.3700,9.2700,17.0900,13.5600
$500 NBA Daily 8/17,2020-08-17T22:45:31.125379,estk_99b64ab9f697d4bada4bddbbc347c31f,evt_99b64ab9f697d4ba,Jayson Tatum,NBA,35.35,35.94,2,0.04,8.1800,9.9600,9.9600,6.5200
$500 NBA Daily 8/17,2020-08-17T22:45:31.125382,estk_99b64ab9f697d4ba77c3d3d4d8ad15c5,evt_99b64ab9f697d4ba,Tobias Harris,NBA,31.88,33.85,3.25,0.04,7.0600,6.6600,8.6400,5.4200
$500 NBA Daily 8/17,2020-08-17T22:45:31.125386,estk_99b64ab9f697d4ba4b8c495d9fa8db90,evt_99b64ab9f697d4ba,Jaylen Brown,NBA,29.04,31.38,3.5,0.04,6.1200,5.8500,7.7800,4.5000
$500 NBA Daily 8/17,2020-08-17T22:45:31.125390,estk_99b64ab9f697d4baf7c5bbc448149f99,evt_99b64ab9f697d4ba,Gordon Hayward,NBA,28.9,27.74,0,0.04,6.0900,5.8100,7.6200,4.4700
$500 NBA Daily 8/17,2020-08-17T22:45:31.125394,estk_99b64ab9f697d4baa9edb859d18234d0,evt_99b64ab9f697d4ba,Kemba Walker,NBA,27.97,27.85,1,0.04,5.8000,7.3800,7.3800,4.4700
$500 NBA Daily 8/17,2020-08-17T22:45:31.125398,estk_99b64ab9f697d4ba63a58b55849249a4,evt_99b64ab9f697d4ba,Al Horford,NBA,27.79,27.68,1,0.04,5.7000,5.4700,7.3100,4.0900
$500 NBA Daily 8/17,2020-08-17T22:45:31.125406,estk_99b64ab9f697d4bab3147c681557a264,evt_99b64ab9f697d4ba,Josh Richardson,NBA,23.84,22.89,0,0.04,4.6700,4.4900,6.2100,3.0800
$500 NBA Daily 8/17,2020-08-17T22:45:31.125417,estk_99b64ab9f697d4ba049fe8ca7bf97ec4,evt_99b64ab9f697d4ba,Marcus Smart,NBA,21.49,20.63,0,0.04,4.0500,3.9300,5.6900,2.4700
$500 NBA Daily 8/17,2020-08-17T22:45:31.125424,estk_99b64ab9f697d4ba201a5680f9441b5c,evt_99b64ab9f697d4ba,Daniel Theis,NBA,19.63,19.84,1,0.04,3.6700,3.5400,5.2300,2.1000
$500 NBA Daily 8/17,2020-08-17T22:45:31.125439,estk_99b64ab9f697d4baa1e25447b314f889,evt_99b64ab9f697d4ba,Shake Milton,NBA,16.44,15.78,0,0.04,3.1000,2.9600,4.6300,1.5400
$500 NBA Daily 8/17,2020-08-17T22:45:31.125457,estk_99b64ab9f697d4ba575ca725abf50fd3,evt_99b64ab9f697d4ba,Alec Burks,NBA,14.24,13.67,0,0.04,2.6800,2.6200,4.2500,1.2400
$500 NBA Daily 8/17,2020-08-17T22:45:31.125460,estk_99b64ab9f697d4ba233a24e71677893c,evt_99b64ab9f697d4ba,Robert Williams,NBA,13.77,13.22,0,0.04,2.6300,2.6000,4.1500,1.2400
$500 NBA Daily 8/17,2020-08-17T22:45:31.125468,estk_99b64ab9f697d4ba92bc30f31e413420,evt_99b64ab9f697d4ba,Matisse Thybulle,NBA,13.14,12.61,0,0.04,2.5100,2.4900,4.0700,1.2400
$500 NBA Daily 8/17,2020-08-17T22:46:31.864138,estk_99b64ab9f697d4ba7a763361bd2f9a08,evt_99b64ab9f697d4ba,Joel Embiid,NBA,51.78,53.19,4,0.05,16.1600,9.2700,17.0900,13.5600
$500 NBA Daily 8/17,2020-08-17T22:46:31.864184,estk_99b64ab9f697d4bada4bddbbc347c31f,evt_99b64ab9f697d4ba,Jayson Tatum,NBA,35.35,36.83,3.25,0.05,8.4500,9.9600,9.9600,6.7800
$500 NBA Daily 8/17,2020-08-17T22:46:31.864187,estk_99b64ab9f697d4ba77c3d3d4d8ad15c5,evt_99b64ab9f697d4ba,Tobias Harris,NBA,31.88,33.54,3.25,0.05,7.5500,6.6600,8.6400,5.4200
$500 NBA Daily 8/17,2020-08-17T22:46:31.864191,estk_99b64ab9f697d4ba4b8c495d9fa8db90,evt_99b64ab9f697d4ba,Jaylen Brown,NBA,29.04,33.09,5.5,0.05,6.7600,5.8500,7.7800,5.1200
$500 NBA Daily 8/17,2020-08-17T22:46:31.864195,estk_99b64ab9f697d4baa9edb859d18234d0,evt_99b64ab9f697d4ba,Kemba Walker,NBA,27.97,29.57,3,0.05,5.5900,7.3800,7.3800,4.4700
$500 NBA Daily 8/17,2020-08-17T22:46:31.864199,estk_99b64ab9f697d4baf7c5bbc448149f99,evt_99b64ab9f697d4ba,Gordon Hayward,NBA,28.9,26.95,-0.5,0.05,5.5800,5.8100,7.6200,4.4700
$500 NBA Daily 8/17,2020-08-17T22:46:31.864203,estk_99b64ab9f697d4ba63a58b55849249a4,evt_99b64ab9f697d4ba,Al Horford,NBA,27.79,27.4,1,0.05,5.5800,5.4700,7.3100,4.0900
$500 NBA Daily 8/17,2020-08-17T22:46:31.864214,estk_99b64ab9f697d4bab3147c681557a264,evt_99b64ab9f697d4ba,Josh Richardson,NBA,23.84,22.65,0,0.05,4.2900,4.4900,6.2100,3.0800
$500 NBA Daily 8/17,2020-08-17T22:46:31.864225,estk_99b64ab9f697d4ba049fe8ca7bf97ec4,evt_99b64ab9f697d4ba,Marcus Smart,NBA,21.49,20.42,0,0.05,3.7900,3.9300,5.6900,2.4700
$500 NBA Daily 8/17,2020-08-17T22:46:31.864229,estk_99b64ab9f697d4ba201a5680f9441b5c,evt_99b64ab9f697d4ba,Daniel Theis,NBA,19.63,19.65,1,0.05,3.6500,3.5400,5.2300,2.1000
$500 NBA Daily 8/17,2020-08-17T22:46:31.864250,estk_99b64ab9f697d4baa1e25447b314f889,evt_99b64ab9f697d4ba,Shake Milton,NBA,16.44,15.12,-0.5,0.05,2.8800,2.9600,4.6300,1.5400
$500 NBA Daily 8/17,2020-08-17T22:46:31.864264,estk_99b64ab9f697d4ba575ca725abf50fd3,evt_99b64ab9f697d4ba,Alec Burks,NBA,14.24,13.53,0,0.05,2.5400,2.6200,4.2500,1.2400
$500 NBA Daily 8/17,2020-08-17T22:46:31.864271,estk_99b64ab9f697d4ba233a24e71677893c,evt_99b64ab9f697d4ba,Robert Williams,NBA,13.77,13.08,0,0.05,2.4000,2.6000,4.1500,1.2400
$500 NBA Daily 8/17,2020-08-17T22:46:31.864275,estk_99b64ab9f697d4ba92bc30f31e413420,evt_99b64ab9f697d4ba,Matisse Thybulle,NBA,13.14,12.48,0,0.05,2.3600,2.4900,4.0700,1.2400
$500 NBA Daily 8/17,2020-08-17T22:47:32.492226,estk_99b64ab9f697d4ba7a763361bd2f9a08,evt_99b64ab9f697d4ba,Joel Embiid,NBA,51.78,52.67,4,0.06,16.0100,9.2700,17.8300,14.3400
$500 NBA Daily 8/17,2020-08-17T22:47:32.492270,estk_99b64ab9f697d4bada4bddbbc347c31f,evt_99b64ab9f697d4ba,Jayson Tatum,NBA,35.35,37.73,4.5,0.06,8.7000,9.9600,9.9600,7.0300
$500 NBA Daily 8/17,2020-08-17T22:47:32.492274,estk_99b64ab9f697d4ba77c3d3d4d8ad15c5,evt_99b64ab9f697d4ba,Tobias Harris,NBA,31.88,33.22,3.25,0.06,7.4600,6.6600,9.1100,5.9000
$500 NBA Daily 8/17,2020-08-17T22:47:32.492278,estk_99b64ab9f697d4ba4b8c495d9fa8db90,evt_99b64ab9f697d4ba,Jaylen Brown,NBA,29.04,32.3,5,0.06,7.2900,5.8500,8.9400,5.6400
$500 NBA Daily 8/17,2020-08-17T22:47:32.492282,estk_99b64ab9f697d4baa9edb859d18234d0,evt_99b64ab9f697d4ba,Kemba Walker,NBA,27.97,29.29,3,0.06,6.1900,7.3800,7.3800,4.5700
$500 NBA Daily 8/17,2020-08-17T22:47:32.492286,estk_99b64ab9f697d4ba63a58b55849249a4,evt_99b64ab9f697d4ba,Al Horford,NBA,27.79,27.12,1,0.06,5.5000,5.4700,7.3100,4.0900
$500 NBA Daily 8/17,2020-08-17T22:47:32.492290,estk_99b64ab9f697d4baf7c5bbc448149f99,evt_99b64ab9f697d4ba,Gordon Hayward,NBA,28.9,26.67,-0.5,0.06,5.4100,5.8100,7.6200,4.4700
$500 NBA Daily 8/17,2020-08-17T22:47:32.492301,estk_99b64ab9f697d4bab3147c681557a264,evt_99b64ab9f697d4ba,Josh Richardson,NBA,23.84,23.16,0.75,0.06,4.2000,4.4900,6.2100,3.0800
$500 NBA Daily 8/17,2020-08-17T22:47:32.492312,estk_99b64ab9f697d4ba049fe8ca7bf97ec4,evt_99b64ab9f697d4ba,Marcus Smart,NBA,21.49,20.2,0,0.06,3.6800,3.9300,5.6900,2.4700
$500 NBA Daily 8/17,2020-08-17T22:47:32.492316,estk_99b64ab9f697d4ba201a5680f9441b5c,evt_99b64ab9f697d4ba,Daniel Theis,NBA,19.63,19.45,1,0.06,3.5200,3.5400,5.2300,2.1000
$500 NBA Daily 8/17,2020-08-17T22:47:32.492344,estk_99b64ab9f697d4baa1e25447b314f889,evt_99b64ab9f697d4ba,Shake Milton,NBA,16.44,14.95,-0.5,0.06,2.7200,2.9600,4.6300,1.5400
$500 NBA Daily 8/17,2020-08-17T22:47:32.492351,estk_99b64ab9f697d4ba575ca725abf50fd3,evt_99b64ab9f697d4ba,Alec Burks,NBA,14.24,13.39,0,0.06,2.4600,2.6200,4.2500,1.2400
$500 NBA Daily 8/17,2020-08-17T22:47:32.492358,estk_99b64ab9f697d4ba233a24e71677893c,evt_99b64ab9f697d4ba,Robert Williams,NBA,13.77,12.94,0,0.06,2.4200,2.6000,4.1500,1.2400
$500 NBA Daily 8/17,2020-08-17T22:47:32.492362,estk_99b64ab9f697d4ba92bc30f31e413420,evt_99b64ab9f697d4ba,Matisse Thybulle,NBA,13.14,12.35,0,0.06,2.3700,2.4900,4.0700,1.2400
$500 NBA Daily 8/17,2020-08-17T22:49:33.786932,estk_99b64ab9f697d4ba7a763361bd2f9a08,evt_99b64ab9f697d4ba,Joel Embiid,NBA,51.78,52.1,5.5,0.1,15.8000,9.2700,17.8300,14.3400
$500 NBA Daily 8/17,2020-08-17T22:49:33.786979,estk_99b64ab9f697d4bada4bddbbc347c31f,evt_99b64ab9f697d4ba,Jayson Tatum,NBA,35.35,35.81,4,0.1,8.9300,9.9600,10.6100,7.4500
$500 NBA Daily 8/17,2020-08-17T22:49:33.786986,estk_99b64ab9f697d4ba77c3d3d4d8ad15c5,evt_99b64ab9f697d4ba,Tobias Harris,NBA,31.88,31.94,3.25,0.1,7.3700,6.6600,9.1100,5.9000
$500 NBA Daily 8/17,2020-08-17T22:49:33.786990,estk_99b64ab9f697d4ba4b8c495d9fa8db90,evt_99b64ab9f697d4ba,Jaylen Brown,NBA,29.04,37.89,11.75,0.1,7.0700,5.8500,8.9400,5.6400
$500 NBA Daily 8/17,2020-08-17T22:49:33.786994,estk_99b64ab9f697d4baa9edb859d18234d0,evt_99b64ab9f697d4ba,Kemba Walker,NBA,27.97,29.67,4.5,0.1,6.0700,7.3800,7.3800,4.5700
$500 NBA Daily 8/17,2020-08-17T22:49:33.786998,estk_99b64ab9f697d4ba63a58b55849249a4,evt_99b64ab9f697d4ba,Al Horford,NBA,27.79,26.01,1,0.1,5.3900,5.4700,7.3100,4.0900
$500 NBA Daily 8/17,2020-08-17T22:49:33.787002,estk_99b64ab9f697d4baf7c5bbc448149f99,evt_99b64ab9f697d4ba,Gordon Hayward,NBA,28.9,27.01,1,0.1,5.2000,5.8100,6.9200,3.9700
$500 NBA Daily 8/17,2020-08-17T22:49:33.787020,estk_99b64ab9f697d4bab3147c681557a264,evt_99b64ab9f697d4ba,Josh Richardson,NBA,23.84,24.21,2.75,0.1,4.3700,4.4900,6.2100,3.0800
$500 NBA Daily 8/17,2020-08-17T22:49:33.787031,estk_99b64ab9f697d4ba049fe8ca7bf97ec4,evt_99b64ab9f697d4ba,Marcus Smart,NBA,21.49,19.34,0,0.1,3.7300,3.9300,5.6900,2.4700
$500 NBA Daily 8/17,2020-08-17T22:49:33.787035,estk_99b64ab9f697d4ba201a5680f9441b5c,evt_99b64ab9f697d4ba,Daniel Theis,NBA,19.63,22.67,5,0.1,3.5700,3.5400,5.2300,2.1000
$500 NBA Daily 8/17,2020-08-17T22:49:33.787062,estk_99b64ab9f697d4baa1e25447b314f889,evt_99b64ab9f697d4ba,Shake Milton,NBA,16.44,17.3,2.5,0.1,2.6700,2.9600,4.6300,1.5400
$500 NBA Daily 8/17,2020-08-17T22:49:33.787073,estk_99b64ab9f697d4ba575ca725abf50fd3,evt_99b64ab9f697d4ba,Alec Burks,NBA,14.24,12.82,0,0.1,2.5000,2.6200,4.2500,1.2400
$500 NBA Daily 8/17,2020-08-17T22:49:33.787076,estk_99b64ab9f697d4ba233a24e71677893c,evt_99b64ab9f697d4ba,Robert Williams,NBA,13.77,12.39,0,0.1,2.4000,2.6000,4.1500,1.2400
$500 NBA Daily 8/17,2020-08-17T22:49:33.787084,estk_99b64ab9f697d4ba92bc30f31e413420,evt_99b64ab9f697d4ba,Matisse Thybulle,NBA,13.14,11.83,0,0.1,2.3300,2.4900,4.0700,1.2400
$500 NBA Daily 8/17,2020-08-17T22:50:34.394996,estk_99b64ab9f697d4ba7a763361bd2f9a08,evt_99b64ab9f697d4ba,Joel Embiid,NBA,51.78,53.07,7.5,0.12,15.8000,9.2700,17.8300,14.3400
$500 NBA Daily 8/17,2020-08-17T22:50:34.395041,estk_99b64ab9f697d4bada4bddbbc347c31f,evt_99b64ab9f697d4ba,Jayson Tatum,NBA,35.35,35.11,4,0.12,8.9300,9.9600,10.6100,7.4500
$500 NBA Daily 8/17,2020-08-17T22:50:34.395045,estk_99b64ab9f697d4ba77c3d3d4d8ad15c5,evt_99b64ab9f697d4ba,Tobias Harris,NBA,31.88,34.8,6.75,0.12,7.3700,6.6600,9.1100,5.9000
$500 NBA Daily 8/17,2020-08-17T22:50:34.395048,estk_99b64ab9f697d4ba4b8c495d9fa8db90,evt_99b64ab9f697d4ba,Jaylen Brown,NBA,29.04,37.31,11.75,0.12,7.0700,5.8500,8.9400,5.6400
$500 NBA Daily 8/17,2020-08-17T22:50:34.395052,estk_99b64ab9f697d4baa9edb859d18234d0,evt_99b64ab9f697d4ba,Kemba Walker,NBA,27.97,28.61,4,0.12,6.0700,7.3800,7.3800,4.5700
$500 NBA Daily 8/17,2020-08-17T22:50:34.395056,estk_99b64ab9f697d4ba63a58b55849249a4,evt_99b64ab9f697d4ba,Al Horford,NBA,27.79,25.46,1,0.12,5.3900,5.4700,7.3100,4.0900
$500 NBA Daily 8/17,2020-08-17T22:50:34.395061,estk_99b64ab9f697d4baf7c5bbc448149f99,evt_99b64ab9f697d4ba,Gordon Hayward,NBA,28.9,26.43,1,0.12,5.2000,5.8100,6.9200,3.9700
$500 NBA Daily 8/17,2020-08-17T22:50:34.395072,estk_99b64ab9f697d4bab3147c681557a264,evt_99b64ab9f697d4ba,Josh Richardson,NBA,23.84,24.98,4,0.12,4.3700,4.4900,6.2100,3.0800
$500 NBA Daily 8/17,2020-08-17T22:50:34.395082,estk_99b64ab9f697d4ba049fe8ca7bf97ec4,evt_99b64ab9f697d4ba,Marcus Smart,NBA,21.49,18.91,0,0.12,3.7300,3.9300,5.6900,2.4700
$500 NBA Daily 8/17,2020-08-17T22:50:34.395086,estk_99b64ab9f697d4ba201a5680f9441b5c,evt_99b64ab9f697d4ba,Daniel Theis,NBA,19.63,22.27,5,0.12,3.5700,3.5400,5.2300,2.1000
$500 NBA Daily 8/17,2020-08-17T22:50:34.395115,estk_99b64ab9f697d4baa1e25447b314f889,evt_99b64ab9f697d4ba,Shake Milton,NBA,16.44,16.97,2.5,0.12,2.6700,2.9600,4.6300,1.5400
$500 NBA Daily 8/17,2020-08-17T22:50:34.395126,estk_99b64ab9f697d4ba575ca725abf50fd3,evt_99b64ab9f697d4ba,Alec Burks,NBA,14.24,12.53,0,0.12,2.5000,2.6200,4.2500,1.2400
$500 NBA Daily 8/17,2020-08-17T22:50:34.395130,estk_99b64ab9f697d4ba233a24e71677893c,evt_99b64ab9f697d4ba,Robert Williams,NBA,13.77,12.12,0,0.12,2.4000,2.6000,4.1500,1.2400
$500 NBA Daily 8/17,2020-08-17T22:50:34.395137,estk_99b64ab9f697d4ba92bc30f31e413420,evt_99b64ab9f697d4ba,Matisse Thybulle,NBA,13.14,11.56,0,0.12,2.3300,2.4900,4.0700,1.2400
$500 NBA Daily 8/17,2020-08-17T22:55:37.756719,estk_99b64ab9f697d4ba7a763361bd2f9a08,evt_99b64ab9f697d4ba,Joel Embiid,NBA,51.78,52.8,7.75,0.13,15.8700,9.2700,17.8300,14.3400
$500 NBA Daily 8/17,2020-08-17T22:55:37.756764,estk_99b64ab9f697d4ba4b8c495d9fa8db90,evt_99b64ab9f697d4ba,Jaylen Brown,NBA,29.04,37.01,11.75,0.13,8.7500,5.8500,10.5400,7.2300
$500 NBA Daily 8/17,2020-08-17T22:55:37.756768,estk_99b64ab9f697d4bada4bddbbc347c31f,evt_99b64ab9f697d4ba,Jayson Tatum,NBA,35.35,34.25,3.5,0.13,7.7500,9.9600,9.6400,7.0300
$500 NBA Daily 8/17,2020-08-17T22:55:37.756772,estk_99b64ab9f697d4ba77c3d3d4d8ad15c5,evt_99b64ab9f697d4ba,Tobias Harris,NBA,31.88,34.49,6.75,0.13,7.7200,6.6600,9.1100,6.2900
$500 NBA Daily 8/17,2020-08-17T22:55:37.756776,estk_99b64ab9f697d4baa9edb859d18234d0,evt_99b64ab9f697d4ba,Kemba Walker,NBA,27.97,28.33,4,0.13,5.6600,7.3800,7.3800,4.5700
$500 NBA Daily 8/17,2020-08-17T22:55:37.756780,estk_99b64ab9f697d4baf7c5bbc448149f99,evt_99b64ab9f697d4ba,Gordon Hayward,NBA,28.9,28.14,3,0.13,5.5500,5.8100,6.9200,3.9700
$500 NBA Daily 8/17,2020-08-17T22:55:37.756783,estk_99b64ab9f697d4bab3147c681557a264,evt_99b64ab9f697d4ba,Josh Richardson,NBA,23.84,25.99,5.25,0.13,4.9300,4.4900,6.2100,3.0800
$500 NBA Daily 8/17,2020-08-17T22:55:37.756791,estk_99b64ab9f697d4ba63a58b55849249a4,evt_99b64ab9f697d4ba,Al Horford,NBA,27.79,25.18,1,0.13,4.6800,5.4700,6.3300,3.7000
$500 NBA Daily 8/17,2020-08-17T22:55:37.756805,estk_99b64ab9f697d4ba201a5680f9441b5c,evt_99b64ab9f697d4ba,Daniel Theis,NBA,19.63,21.58,4.5,0.13,3.8700,3.5400,5.2300,2.4500
$500 NBA Daily 8/17,2020-08-17T22:55:37.756820,estk_99b64ab9f697d4ba049fe8ca7bf97ec4,evt_99b64ab9f697d4ba,Marcus Smart,NBA,21.49,18.7,0,0.13,3.1600,3.9300,4.8600,2.2100
$500 NBA Daily 8/17,2020-08-17T22:55:37.756830,estk_99b64ab9f697d4baa1e25447b314f889,evt_99b64ab9f697d4ba,Shake Milton,NBA,16.44,16.8,2.5,0.13,2.8000,2.9600,4.6300,1.5400
$500 NBA Daily 8/17,2020-08-17T22:55:37.756851,estk_99b64ab9f697d4ba92bc30f31e413420,evt_99b64ab9f697d4ba,Matisse Thybulle,NBA,13.14,13.43,2,0.13,2.3400,2.4900,4.0700,1.2400
$500 NBA Daily 8/17,2020-08-17T22:55:37.756854,estk_99b64ab9f697d4ba575ca725abf50fd3,evt_99b64ab9f697d4ba,Alec Burks,NBA,14.24,12.39,0,0.13,2.2200,2.6200,4.2500,1.2400
$500 NBA Daily 8/17,2020-08-17T22:55:37.756858,estk_99b64ab9f697d4ba233a24e71677893c,evt_99b64ab9f697d4ba,Robert Williams,NBA,13.77,11.98,0,0.13,2.1800,2.6000,4.1500,1.2400
$500 NBA Daily 8/17,2020-08-17T22:56:38.477483,estk_99b64ab9f697d4ba7a763361bd2f9a08,evt_99b64ab9f697d4ba,Joel Embiid,NBA,51.78,55.26,11.25,0.15,15.9700,9.2700,17.8300,14.3400
$500 NBA Daily 8/17,2020-08-17T22:56:38.477528,estk_99b64ab9f697d4ba4b8c495d9fa8db90,evt_99b64ab9f697d4ba,Jaylen Brown,NBA,29.04,36.43,11.75,0.15,8.7700,5.8500,10.5400,7.2300
$500 NBA Daily 8/17,2020-08-17T22:56:38.477532,estk_99b64ab9f697d4ba77c3d3d4d8ad15c5,evt_99b64ab9f697d4ba,Tobias Harris,NBA,31.88,33.85,6.75,0.15,7.7800,6.6600,9.1100,6.2900
$500 NBA Daily 8/17,2020-08-17T22:56:38.477536,estk_99b64ab9f697d4bada4bddbbc347c31f,evt_99b64ab9f697d4ba,Jayson Tatum,NBA,35.35,33.55,3.5,0.15,7.6500,9.9600,9.6400,6.4000
$500 NBA Daily 8/17,2020-08-17T22:56:38.477540,estk_99b64ab9f697d4baf7c5bbc448149f99,evt_99b64ab9f697d4ba,Gordon Hayward,NBA,28.9,29.56,5,0.15,5.5800,5.8100,6.9200,3.9700
$500 NBA Daily 8/17,2020-08-17T22:56:38.477544,estk_99b64ab9f697d4baa9edb859d18234d0,evt_99b64ab9f697d4ba,Kemba Walker,NBA,27.97,29.27,5.5,0.15,5.5800,7.3800,7.3800,4.5700
$500 NBA Daily 8/17,2020-08-17T22:56:38.477548,estk_99b64ab9f697d4bab3147c681557a264,evt_99b64ab9f697d4ba,Josh Richardson,NBA,23.84,27.01,6.75,0.15,4.9200,4.4900,6.2100,3.3200
$500 NBA Daily 8/17,2020-08-17T22:56:38.477556,estk_99b64ab9f697d4ba63a58b55849249a4,evt_99b64ab9f697d4ba,Al Horford,NBA,27.79,24.62,1,0.15,4.6400,5.4700,6.3300,3.7000
$500 NBA Daily 8/17,2020-08-17T22:56:38.477570,estk_99b64ab9f697d4ba201a5680f9441b5c,evt_99b64ab9f697d4ba,Daniel Theis,NBA,19.63,21.19,4.5,0.15,3.8100,3.5400,5.2300,2.4500
$500 NBA Daily 8/17,2020-08-17T22:56:38.477585,estk_99b64ab9f697d4ba049fe8ca7bf97ec4,evt_99b64ab9f697d4ba,Marcus Smart,NBA,21.49,18.27,0,0.15,3.1500,3.9300,4.8600,2.2100
$500 NBA Daily 8/17,2020-08-17T22:56:38.477599,estk_99b64ab9f697d4baa1e25447b314f889,evt_99b64ab9f697d4ba,Shake Milton,NBA,16.44,16.47,2.5,0.15,2.8300,2.9600,4.6300,1.5400
$500 NBA Daily 8/17,2020-08-17T22:56:38.477617,estk_99b64ab9f697d4ba92bc30f31e413420,evt_99b64ab9f697d4ba,Matisse Thybulle,NBA,13.14,13.17,2,0.15,2.2900,2.4900,4.0700,1.2400
$500 NBA Daily 8/17,2020-08-17T22:56:38.477620,estk_99b64ab9f697d4ba575ca725abf50fd3,evt_99b64ab9f697d4ba,Alec Burks,NBA,14.24,12.1,0,0.15,2.2200,2.6200,4.2500,1.2400
$500 NBA Daily 8/17,2020-08-17T22:56:38.477624,estk_99b64ab9f697d4ba233a24e71677893c,evt_99b64ab9f697d4ba,Robert Williams,NBA,13.77,11.7,0,0.15,2.1800,2.6000,4.1500,1.2400
$500 NBA Daily 8/17,2020-08-17T22:58:09.511351,estk_99b64ab9f697d4ba7a763361bd2f9a08,evt_99b64ab9f697d4ba,Joel Embiid,NBA,51.78,56,12.5,0.16,17.2700,9.2700,18.9500,15.2700
$500 NBA Daily 8/17,2020-08-17T22:58:09.511396,estk_99b64ab9f697d4ba4b8c495d9fa8db90,evt_99b64ab9f697d4ba,Jaylen Brown,NBA,29.04,36.14,11.75,0.16,8.2600,5.8500,10.0500,7.2300
$500 NBA Daily 8/17,2020-08-17T22:58:09.511400,estk_99b64ab9f697d4bada4bddbbc347c31f,evt_99b64ab9f697d4ba,Jayson Tatum,NBA,35.35,33.19,3.5,0.16,7.1500,9.9600,9.0600,6.4000
$500 NBA Daily 8/17,2020-08-17T22:58:09.511403,estk_99b64ab9f697d4baf7c5bbc448149f99,evt_99b64ab9f697d4ba,Gordon Hayward,NBA,28.9,32.78,8.5,0.16,7.0800,5.8100,7.6300,5.4400
$500 NBA Daily 8/17,2020-08-17T22:58:09.511407,estk_99b64ab9f697d4ba77c3d3d4d8ad15c5,evt_99b64ab9f697d4ba,Tobias Harris,NBA,31.88,33.03,6.25,0.16,7.0700,6.6600,9.1100,6.2600
$500 NBA Daily 8/17,2020-08-17T22:58:09.511411,estk_99b64ab9f697d4baa9edb859d18234d0,evt_99b64ab9f697d4ba,Kemba Walker,NBA,27.97,28.49,5,0.16,5.5800,7.3800,7.3800,4.5700
$500 NBA Daily 8/17,2020-08-17T22:58:09.511415,estk_99b64ab9f697d4bab3147c681557a264,evt_99b64ab9f697d4ba,Josh Richardson,NBA,23.84,26.78,6.75,0.16,4.9900,4.4900,6.2100,3.5000
$500 NBA Daily 8/17,2020-08-17T22:58:09.511423,estk_99b64ab9f697d4ba201a5680f9441b5c,evt_99b64ab9f697d4ba,Daniel Theis,NBA,19.63,24.49,8,0.16,4.4100,3.5400,5.2300,2.4500
$500 NBA Daily 8/17,2020-08-17T22:58:09.511427,estk_99b64ab9f697d4ba63a58b55849249a4,evt_99b64ab9f697d4ba,Al Horford,NBA,27.79,24.34,1,0.16,4.4000,5.4700,6.3300,3.1500
$500 NBA Daily 8/17,2020-08-17T22:58:09.511459,estk_99b64ab9f697d4ba049fe8ca7bf97ec4,evt_99b64ab9f697d4ba,Marcus Smart,NBA,21.49,18.05,0,0.16,2.9500,3.9300,4.8600,2.2100
$500 NBA Daily 8/17,2020-08-17T22:58:09.511469,estk_99b64ab9f697d4baa1e25447b314f889,evt_99b64ab9f697d4ba,Shake Milton,NBA,16.44,16.31,2.5,0.16,2.6500,2.9600,4.6300,1.5400
$500 NBA Daily 8/17,2020-08-17T22:58:09.511484,estk_99b64ab9f697d4ba92bc30f31e413420,evt_99b64ab9f697d4ba,Matisse Thybulle,NBA,13.14,13.04,2,0.16,2.2200,2.4900,4.0700,1.2400
$500 NBA Daily 8/17,2020-08-17T22:58:09.511487,estk_99b64ab9f697d4ba575ca725abf50fd3,evt_99b64ab9f697d4ba,Alec Burks,NBA,14.24,11.96,0,0.16,2.0800,2.6200,3.6400,1.2400
$500 NBA Daily 8/17,2020-08-17T22:58:09.511491,estk_99b64ab9f697d4ba233a24e71677893c,evt_99b64ab9f697d4ba,Robert Williams,NBA,13.77,11.57,0,0.16,2.0600,2.6000,3.6300,1.2400
$500 NBA Daily 8/17,2020-08-17T23:02:42.651850,estk_99b64ab9f697d4ba7a763361bd2f9a08,evt_99b64ab9f697d4ba,Joel Embiid,NBA,51.78,56.42,15,0.2,17.2500,9.2700,18.9500,15.4200
$500 NBA Daily 8/17,2020-08-17T23:02:42.651896,estk_99b64ab9f697d4ba4b8c495d9fa8db90,evt_99b64ab9f697d4ba,Jaylen Brown,NBA,29.04,36.23,13,0.2,8.3300,5.8500,9.9300,7.2300
$500 NBA Daily 8/17,2020-08-17T23:02:42.651900,estk_99b64ab9f697d4bada4bddbbc347c31f,evt_99b64ab9f697d4ba,Jayson Tatum,NBA,35.35,33.78,5.5,0.2,7.1300,9.9600,9.0600,5.7600
$500 NBA Daily 8/17,2020-08-17T23:02:42.651904,estk_99b64ab9f697d4ba77c3d3d4d8ad15c5,evt_99b64ab9f697d4ba,Tobias Harris,NBA,31.88,35.5,10,0.2,7.0500,6.6600,8.6900,5.9000
$500 NBA Daily 8/17,2020-08-17T23:02:42.651908,estk_99b64ab9f697d4baf7c5bbc448149f99,evt_99b64ab9f697d4ba,Gordon Hayward,NBA,28.9,31.62,8.5,0.2,6.9900,5.8100,7.6300,5.4400
$500 NBA Daily 8/17,2020-08-17T23:02:42.651912,estk_99b64ab9f697d4baa9edb859d18234d0,evt_99b64ab9f697d4ba,Kemba Walker,NBA,27.97,27.38,5,0.2,5.5400,7.3800,7.3800,4.5700
$500 NBA Daily 8/17,2020-08-17T23:02:42.651916,estk_99b64ab9f697d4bab3147c681557a264,evt_99b64ab9f697d4ba,Josh Richardson,NBA,23.84,24.82,5.75,0.2,4.9700,4.4900,6.2100,3.5000
$500 NBA Daily 8/17,2020-08-17T23:02:42.651924,estk_99b64ab9f697d4ba201a5680f9441b5c,evt_99b64ab9f697d4ba,Daniel Theis,NBA,19.63,23.7,8,0.2,4.4700,3.5400,6.0000,2.4500
$500 NBA Daily 8/17,2020-08-17T23:02:42.651932,estk_99b64ab9f697d4ba63a58b55849249a4,evt_99b64ab9f697d4ba,Al Horford,NBA,27.79,23.23,1,0.2,4.3600,5.4700,6.3300,3.1500
$500 NBA Daily 8/17,2020-08-17T23:02:42.651961,estk_99b64ab9f697d4ba049fe8ca7bf97ec4,evt_99b64ab9f697d4ba,Marcus Smart,NBA,21.49,17.19,0,0.2,3.0200,3.9300,4.8600,2.1200
$500 NBA Daily 8/17,2020-08-17T23:02:42.651972,estk_99b64ab9f697d4baa1e25447b314f889,evt_99b64ab9f697d4ba,Shake Milton,NBA,16.44,15.65,2.5,0.2,2.6800,2.9600,4.6300,1.5400
$500 NBA Daily 8/17,2020-08-17T23:02:42.651986,estk_99b64ab9f697d4ba92bc30f31e413420,evt_99b64ab9f697d4ba,Matisse Thybulle,NBA,13.14,17.26,6.75,0.2,2.2400,2.4900,4.0700,1.2400
$500 NBA Daily 8/17,2020-08-17T23:02:42.651990,estk_99b64ab9f697d4ba575ca725abf50fd3,evt_99b64ab9f697d4ba,Alec Burks,NBA,14.24,14.89,3.5,0.2,2.1000,2.6200,3.6400,1.2400
$500 NBA Daily 8/17,2020-08-17T23:02:42.651994,estk_99b64ab9f697d4ba233a24e71677893c,evt_99b64ab9f697d4ba,Robert Williams,NBA,13.77,11.02,0,0.2,2.0600,2.6000,3.6300,1.0800
$500 NBA Daily 8/17,2020-08-17T23:05:44.720885,estk_99b64ab9f697d4ba7a763361bd2f9a08,evt_99b64ab9f697d4ba,Joel Embiid,NBA,51.78,54.87,15,0.23,17.1900,9.2700,19.5100,15.4200
$500 NBA Daily 8/17,2020-08-17T23:05:44.720937,estk_99b64ab9f697d4ba4b8c495d9fa8db90,evt_99b64ab9f697d4ba,Jaylen Brown,NBA,29.04,36.86,14.5,0.23,8.5700,5.8500,9.9300,7.2300
$500 NBA Daily 8/17,2020-08-17T23:05:44.720941,estk_99b64ab9f697d4bada4bddbbc347c31f,evt_99b64ab9f697d4ba,Jayson Tatum,NBA,35.35,34.72,7.5,0.23,7.7700,9.9600,9.0600,6.1100
$500 NBA Daily 8/17,2020-08-17T23:05:44.720945,estk_99b64ab9f697d4ba77c3d3d4d8ad15c5,evt_99b64ab9f697d4ba,Tobias Harris,NBA,31.88,34.55,10,0.23,7.6300,6.6600,9.6900,6.3700
$500 NBA Daily 8/17,2020-08-17T23:05:44.720949,estk_99b64ab9f697d4baf7c5bbc448149f99,evt_99b64ab9f697d4ba,Gordon Hayward,NBA,28.9,30.75,8.5,0.23,6.3100,5.8100,8.1700,5.4400
$500 NBA Daily 8/17,2020-08-17T23:05:44.720957,estk_99b64ab9f697d4baa9edb859d18234d0,evt_99b64ab9f697d4ba,Kemba Walker,NBA,27.97,26.54,5,0.23,4.8700,7.3800,6.7100,4.1800
$500 NBA Daily 8/17,2020-08-17T23:05:44.720964,estk_99b64ab9f697d4bab3147c681557a264,evt_99b64ab9f697d4ba,Josh Richardson,NBA,23.84,24.11,5.75,0.23,4.2700,4.4900,6.2100,3.5000
$500 NBA Daily 8/17,2020-08-17T23:05:44.720972,estk_99b64ab9f697d4ba201a5680f9441b5c,evt_99b64ab9f697d4ba,Daniel Theis,NBA,19.63,23.12,8,0.23,4.0300,3.5400,6.0000,2.5800
$500 NBA Daily 8/17,2020-08-17T23:05:44.720976,estk_99b64ab9f697d4ba63a58b55849249a4,evt_99b64ab9f697d4ba,Al Horford,NBA,27.79,23.15,1.75,0.23,4.0000,5.4700,5.6100,3.1500
$500 NBA Daily 8/17,2020-08-17T23:05:44.721002,estk_99b64ab9f697d4ba92bc30f31e413420,evt_99b64ab9f697d4ba,Matisse Thybulle,NBA,13.14,18.37,8.25,0.23,3.0200,2.4900,4.0700,1.4600
$500 NBA Daily 8/17,2020-08-17T23:05:44.721016,estk_99b64ab9f697d4ba049fe8ca7bf97ec4,evt_99b64ab9f697d4ba,Marcus Smart,NBA,21.49,16.05,-0.5,0.23,2.5800,3.9300,4.3500,1.7300
$500 NBA Daily 8/17,2020-08-17T23:05:44.721020,estk_99b64ab9f697d4ba575ca725abf50fd3,evt_99b64ab9f697d4ba,Alec Burks,NBA,14.24,15.46,4.5,0.23,2.4800,2.6200,3.6400,1.2400
$500 NBA Daily 8/17,2020-08-17T23:05:44.721028,estk_99b64ab9f697d4baa1e25447b314f889,evt_99b64ab9f697d4ba,Shake Milton,NBA,16.44,15.16,2.5,0.23,2.4400,2.9600,4.0700,1.5400
$500 NBA Daily 8/17,2020-08-17T23:05:44.721035,estk_99b64ab9f697d4ba233a24e71677893c,evt_99b64ab9f697d4ba,Robert Williams,NBA,13.77,10.6,0,0.23,1.8600,2.6000,3.6300,1.0800
$500 NBA Daily 8/17,2020-08-17T23:06:45.433686,estk_99b64ab9f697d4ba7a763361bd2f9a08,evt_99b64ab9f697d4ba,Joel Embiid,NBA,51.78,54.35,15,0.24,17.1400,9.2700,18.9800,15.4200
$500 NBA Daily 8/17,2020-08-17T23:06:45.433731,estk_99b64ab9f697d4ba4b8c495d9fa8db90,evt_99b64ab9f697d4ba,Jaylen Brown,NBA,29.04,36.57,14.5,0.24,8.6300,5.8500,9.9300,7.2300
$500 NBA Daily 8/17,2020-08-17T23:06:45.433735,estk_99b64ab9f697d4bada4bddbbc347c31f,evt_99b64ab9f697d4ba,Jayson Tatum,NBA,35.35,35.37,8.5,0.24,7.8300,9.9600,9.0600,6.1100
$500 NBA Daily 8/17,2020-08-17T23:06:45.433739,estk_99b64ab9f697d4ba77c3d3d4d8ad15c5,evt_99b64ab9f697d4ba,Tobias Harris,NBA,31.88,34.23,10,0.24,7.7100,6.6600,9.6900,6.3700
$500 NBA Daily 8/17,2020-08-17T23:06:45.433743,estk_99b64ab9f697d4baf7c5bbc448149f99,evt_99b64ab9f697d4ba,Gordon Hayward,NBA,28.9,30.46,8.5,0.24,6.2700,5.8100,8.1700,5.3300
$500 NBA Daily 8/17,2020-08-17T23:06:45.433747,estk_99b64ab9f697d4baa9edb859d18234d0,evt_99b64ab9f697d4ba,Kemba Walker,NBA,27.97,26.26,5,0.24,4.8800,7.3800,6.7100,3.9900
$500 NBA Daily 8/17,2020-08-17T23:06:45.433758,estk_99b64ab9f697d4bab3147c681557a264,evt_99b64ab9f697d4ba,Josh Richardson,NBA,23.84,23.87,5.75,0.24,4.1900,4.4900,6.2100,3.3200
$500 NBA Daily 8/17,2020-08-17T23:06:45.433765,estk_99b64ab9f697d4ba63a58b55849249a4,evt_99b64ab9f697d4ba,Al Horford,NBA,27.79,22.37,1.25,0.24,4.0100,5.4700,5.6100,3.1500
$500 NBA Daily 8/17,2020-08-17T23:06:45.433769,estk_99b64ab9f697d4ba201a5680f9441b5c,evt_99b64ab9f697d4ba,Daniel Theis,NBA,19.63,22.92,8,0.24,3.9800,3.5400,6.0000,2.5800
$500 NBA Daily 8/17,2020-08-17T23:06:45.433795,estk_99b64ab9f697d4ba92bc30f31e413420,evt_99b64ab9f697d4ba,Matisse Thybulle,NBA,13.14,18.24,8.25,0.24,2.9500,2.4900,4.5100,1.4600
$500 NBA Daily 8/17,2020-08-17T23:06:45.433809,estk_99b64ab9f697d4ba049fe8ca7bf97ec4,evt_99b64ab9f697d4ba,Marcus Smart,NBA,21.49,15.83,-0.5,0.24,2.5700,3.9300,4.3500,1.7300
$500 NBA Daily 8/17,2020-08-17T23:06:45.433817,estk_99b64ab9f697d4ba575ca725abf50fd3,evt_99b64ab9f697d4ba,Alec Burks,NBA,14.24,15.32,4.5,0.24,2.4500,2.6200,3.6400,1.2400
$500 NBA Daily 8/17,2020-08-17T23:06:45.433820,estk_99b64ab9f697d4baa1e25447b314f889,evt_99b64ab9f697d4ba,Shake Milton,NBA,16.44,14.99,2.5,0.24,2.4100,2.9600,4.0700,1.5400
$500 NBA Daily 8/17,2020-08-17T23:06:45.433828,estk_99b64ab9f697d4ba233a24e71677893c,evt_99b64ab9f697d4ba,Robert Williams,NBA,13.77,11.72,1.25,0.24,1.8600,2.6000,3.6300,
$500 NBA Daily 8/17,2020-08-17T23:07:46.051511,estk_99b64ab9f697d4ba7a763361bd2f9a08,evt_99b64ab9f697d4ba,Joel Embiid,NBA,51.78,53.84,15,0.25,16.9700,9.2700,18.9800,15.4200
$500 NBA Daily 8/17,2020-08-17T23:07:46.051558,estk_99b64ab9f697d4ba4b8c495d9fa8db90,evt_99b64ab9f697d4ba,Jaylen Brown,NBA,29.04,36.28,14.5,0.25,8.5500,5.8500,9.9300,7.2300
$500 NBA Daily 8/17,2020-08-17T23:07:46.051561,estk_99b64ab9f697d4bada4bddbbc347c31f,evt_99b64ab9f697d4ba,Jayson Tatum,NBA,35.35,36.01,9.5,0.25,8.0200,9.9600,9.6800,6.1100
$500 NBA Daily 8/17,2020-08-17T23:07:46.051565,estk_99b64ab9f697d4ba77c3d3d4d8ad15c5,evt_99b64ab9f697d4ba,Tobias Harris,NBA,31.88,33.91,10,0.25,7.6600,6.6600,9.6900,6.3700
$500 NBA Daily 8/17,2020-08-17T23:07:46.051569,estk_99b64ab9f697d4baf7c5bbc448149f99,evt_99b64ab9f697d4ba,Gordon Hayward,NBA,28.9,30.17,8.5,0.25,6.1500,5.8100,8.1700,4.9100
$500 NBA Daily 8/17,2020-08-17T23:07:46.051577,estk_99b64ab9f697d4baa9edb859d18234d0,evt_99b64ab9f697d4ba,Kemba Walker,NBA,27.97,25.98,5,0.25,4.8800,7.3800,6.7100,3.9900
$500 NBA Daily 8/17,2020-08-17T23:07:46.051584,estk_99b64ab9f697d4bab3147c681557a264,evt_99b64ab9f697d4ba,Josh Richardson,NBA,23.84,23.63,5.75,0.25,4.2000,4.4900,6.2100,3.3200
$500 NBA Daily 8/17,2020-08-17T23:07:46.051592,estk_99b64ab9f697d4ba201a5680f9441b5c,evt_99b64ab9f697d4ba,Daniel Theis,NBA,19.63,22.72,8,0.25,3.9300,3.5400,6.0000,2.5800
$500 NBA Daily 8/17,2020-08-17T23:07:46.051599,estk_99b64ab9f697d4ba63a58b55849249a4,evt_99b64ab9f697d4ba,Al Horford,NBA,27.79,22.09,1.25,0.25,3.8100,5.4700,5.6100,2.9000
$500 NBA Daily 8/17,2020-08-17T23:07:46.051622,estk_99b64ab9f697d4ba92bc30f31e413420,evt_99b64ab9f697d4ba,Matisse Thybulle,NBA,13.14,18.11,8.25,0.25,2.9900,2.4900,4.5100,1.4600
$500 NBA Daily 8/17,2020-08-17T23:07:46.051636,estk_99b64ab9f697d4ba049fe8ca7bf97ec4,evt_99b64ab9f697d4ba,Marcus Smart,NBA,21.49,15.62,-0.5,0.25,2.5100,3.9300,4.3500,1.6900
$500 NBA Daily 8/17,2020-08-17T23:07:46.051643,estk_99b64ab9f697d4baa1e25447b314f889,evt_99b64ab9f697d4ba,Shake Milton,NBA,16.44,14.83,2.5,0.25,2.4300,2.9600,4.0700,1.5400
$500 NBA Daily 8/17,2020-08-17T23:07:46.051650,estk_99b64ab9f697d4ba575ca725abf50fd3,evt_99b64ab9f697d4ba,Alec Burks,NBA,14.24,15.18,4.5,0.25,2.4000,2.6200,3.6400,1.2400
$500 NBA Daily 8/17,2020-08-17T23:07:46.051654,estk_99b64ab9f697d4ba233a24e71677893c,evt_99b64ab9f697d4ba,Robert Williams,NBA,13.77,11.58,1.25,0.25,1.9600,2.6000,3.6300,
$500 NBA Daily 8/17,2020-08-17T23:14:50.840948,estk_99b64ab9f697d4ba7a763361bd2f9a08,evt_99b64ab9f697d4ba,Joel Embiid,NBA,51.78,53.53,16.25,0.28,16.8500,9.2700,18.9800,15.4200
$500 NBA Daily 8/17,2020-08-17T23:14:50.840993,estk_99b64ab9f697d4bada4bddbbc347c31f,evt_99b64ab9f697d4ba,Jayson Tatum,NBA,35.35,34.95,9.5,0.28,8.3500,9.9600,9.6800,6.6400
$500 NBA Daily 8/17,2020-08-17T23:14:50.840997,estk_99b64ab9f697d4ba4b8c495d9fa8db90,evt_99b64ab9f697d4ba,Jaylen Brown,NBA,29.04,34.91,14,0.28,8.2600,5.8500,9.9300,7.2300
$500 NBA Daily 8/17,2020-08-17T23:14:50.841000,estk_99b64ab9f697d4ba77c3d3d4d8ad15c5,evt_99b64ab9f697d4ba,Tobias Harris,NBA,31.88,32.95,10,0.28,7.4600,6.6600,9.1700,6.3700
$500 NBA Daily 8/17,2020-08-17T23:14:50.841005,estk_99b64ab9f697d4baf7c5bbc448149f99,evt_99b64ab9f697d4ba,Gordon Hayward,NBA,28.9,30.31,9.5,0.28,6.0700,5.8100,8.1700,4.9100
$500 NBA Daily 8/17,2020-08-17T23:14:50.841013,estk_99b64ab9f697d4baa9edb859d18234d0,evt_99b64ab9f697d4ba,Kemba Walker,NBA,27.97,25.14,5,0.28,4.7300,7.3800,6.7100,3.5100
$500 NBA Daily 8/17,2020-08-17T23:14:50.841020,estk_99b64ab9f697d4bab3147c681557a264,evt_99b64ab9f697d4ba,Josh Richardson,NBA,23.84,22.91,5.75,0.28,4.2000,4.4900,5.7000,3.0800
$500 NBA Daily 8/17,2020-08-17T23:14:50.841031,estk_99b64ab9f697d4ba201a5680f9441b5c,evt_99b64ab9f697d4ba,Daniel Theis,NBA,19.63,22.13,8,0.28,3.8900,3.5400,,2.5800
$500 NBA Daily 8/17,2020-08-17T23:14:50.841034,estk_99b64ab9f697d4ba63a58b55849249a4,evt_99b64ab9f697d4ba,Al Horford,NBA,27.79,22.76,2.75,0.28,3.8100,5.4700,5.6100,2.8100
$500 NBA Daily 8/17,2020-08-17T23:14:50.841055,estk_99b64ab9f697d4ba92bc30f31e413420,evt_99b64ab9f697d4ba,Matisse Thybulle,NBA,13.14,18.96,9.5,0.28,3.1100,2.4900,4.5100,1.5900
$500 NBA Daily 8/17,2020-08-17T23:14:50.841073,estk_99b64ab9f697d4ba049fe8ca7bf97ec4,evt_99b64ab9f697d4ba,Marcus Smart,NBA,21.49,14.97,-0.5,0.28,2.4700,3.9300,4.3500,1.5000
$500 NBA Daily 8/17,2020-08-17T23:14:50.841076,estk_99b64ab9f697d4ba575ca725abf50fd3,evt_99b64ab9f697d4ba,Alec Burks,NBA,14.24,15.25,5,0.28,2.4600,2.6200,3.6400,1.2400
$500 NBA Daily 8/17,2020-08-17T23:14:50.841083,estk_99b64ab9f697d4baa1e25447b314f889,evt_99b64ab9f697d4ba,Shake Milton,NBA,16.44,14.34,2.5,0.28,2.3500,2.9600,4.0700,1.5000
$500 NBA Daily 8/17,2020-08-17T23:14:50.841087,estk_99b64ab9f697d4ba233a24e71677893c,evt_99b64ab9f697d4ba,Robert Williams,NBA,13.77,11.91,2,0.28,2.0600,2.6000,3.6300,
$500 NBA Daily 8/17,2020-08-17T23:16:52.125471,estk_99b64ab9f697d4ba7a763361bd2f9a08,evt_99b64ab9f697d4ba,Joel Embiid,NBA,51.78,54.48,18.75,0.31,16.9600,9.2700,18.9800,15.4200
$500 NBA Daily 8/17,2020-08-17T23:16:52.125522,estk_99b64ab9f697d4bada4bddbbc347c31f,evt_99b64ab9f697d4ba,Jayson Tatum,NBA,35.35,36.14,11.75,0.31,8.0800,9.9600,9.6800,6.6400
$500 NBA Daily 8/17,2020-08-17T23:16:52.125526,estk_99b64ab9f697d4ba4b8c495d9fa8db90,evt_99b64ab9f697d4ba,Jaylen Brown,NBA,29.04,34.04,14,0.31,8.0500,5.8500,9.9300,7.0900
$500 NBA Daily 8/17,2020-08-17T23:16:52.125530,estk_99b64ab9f697d4ba77c3d3d4d8ad15c5,evt_99b64ab9f697d4ba,Tobias Harris,NBA,31.88,32,10,0.31,7.1600,6.6600,9.1700,6.0600
$500 NBA Daily 8/17,2020-08-17T23:16:52.125534,estk_99b64ab9f697d4baf7c5bbc448149f99,evt_99b64ab9f697d4ba,Gordon Hayward,NBA,28.9,28.94,9,0.31,6.2500,5.8100,8.1700,4.9100
$500 NBA Daily 8/17,2020-08-17T23:16:52.125542,estk_99b64ab9f697d4baa9edb859d18234d0,evt_99b64ab9f697d4ba,Kemba Walker,NBA,27.97,24.3,5,0.31,4.6000,7.3800,6.1900,3.5100
$500 NBA Daily 8/17,2020-08-17T23:16:52.125557,estk_99b64ab9f697d4ba63a58b55849249a4,evt_99b64ab9f697d4ba,Al Horford,NBA,27.79,26.43,7.25,0.31,3.9700,5.4700,5.6100,2.8100
$500 NBA Daily 8/17,2020-08-17T23:16:52.125560,estk_99b64ab9f697d4bab3147c681557a264,evt_99b64ab9f697d4ba,Josh Richardson,NBA,23.84,22.2,5.75,0.31,3.9400,4.4900,5.7000,3.0800
$500 NBA Daily 8/17,2020-08-17T23:16:52.125564,estk_99b64ab9f697d4ba201a5680f9441b5c,evt_99b64ab9f697d4ba,Daniel Theis,NBA,19.63,21.54,8,0.31,3.7300,3.5400,,2.5800
$500 NBA Daily 8/17,2020-08-17T23:16:52.125586,estk_99b64ab9f697d4ba92bc30f31e413420,evt_99b64ab9f697d4ba,Matisse Thybulle,NBA,13.14,18.57,9.5,0.31,3.0400,2.4900,4.5100,1.5900
$500 NBA Daily 8/17,2020-08-17T23:16:52.125607,estk_99b64ab9f697d4ba575ca725abf50fd3,evt_99b64ab9f697d4ba,Alec Burks,NBA,14.24,14.83,5,0.31,2.3900,2.6200,3.6400,1.2400
$500 NBA Daily 8/17,2020-08-17T23:16:52.125611,estk_99b64ab9f697d4ba049fe8ca7bf97ec4,evt_99b64ab9f697d4ba,Marcus Smart,NBA,21.49,14.33,-0.5,0.31,2.3500,3.9300,4.3500,1.5000
$500 NBA Daily 8/17,2020-08-17T23:16:52.125614,estk_99b64ab9f697d4baa1e25447b314f889,evt_99b64ab9f697d4ba,Shake Milton,NBA,16.44,13.84,2.5,0.31,2.2900,2.9600,4.0700,1.3700
$500 NBA Daily 8/17,2020-08-17T23:16:52.125618,estk_99b64ab9f697d4ba233a24e71677893c,evt_99b64ab9f697d4ba,Robert Williams,NBA,13.77,13.5,4,0.31,1.9500,2.6000,3.6300,
$500 NBA Daily 8/17,2020-08-17T23:17:52.831797,estk_99b64ab9f697d4ba7a763361bd2f9a08,evt_99b64ab9f697d4ba,Joel Embiid,NBA,51.78,55.21,20,0.32,17.3200,9.2700,18.9800,15.4700
$500 NBA Daily 8/17,2020-08-17T23:17:52.831842,estk_99b64ab9f697d4bada4bddbbc347c31f,evt_99b64ab9f697d4ba,Jayson Tatum,NBA,35.35,35.79,11.75,0.32,8.5000,9.9600,9.6800,6.8300
$500 NBA Daily 8/17,2020-08-17T23:17:52.831846,estk_99b64ab9f697d4ba4b8c495d9fa8db90,evt_99b64ab9f697d4ba,Jaylen Brown,NBA,29.04,33.75,14,0.32,7.6200,5.8500,9.2700,6.7100
$500 NBA Daily 8/17,2020-08-17T23:17:52.831850,estk_99b64ab9f697d4ba77c3d3d4d8ad15c5,evt_99b64ab9f697d4ba,Tobias Harris,NBA,31.88,31.68,10,0.32,6.8100,6.6600,8.4500,5.9000
$500 NBA Daily 8/17,2020-08-17T23:17:52.831854,estk_99b64ab9f697d4baf7c5bbc448149f99,evt_99b64ab9f697d4ba,Gordon Hayward,NBA,28.9,28.65,9,0.32,5.7200,5.8100,7.3300,4.6800
$500 NBA Daily 8/17,2020-08-17T23:17:52.831862,estk_99b64ab9f697d4ba63a58b55849249a4,evt_99b64ab9f697d4ba,Al Horford,NBA,27.79,25.65,6.75,0.32,4.9300,5.4700,6.5300,3.3300
$500 NBA Daily 8/17,2020-08-17T23:17:52.831869,estk_99b64ab9f697d4baa9edb859d18234d0,evt_99b64ab9f697d4ba,Kemba Walker,NBA,27.97,24.02,5,0.32,4.2200,7.3800,6.1900,3.2800
$500 NBA Daily 8/17,2020-08-17T23:17:52.831880,estk_99b64ab9f697d4bab3147c681557a264,evt_99b64ab9f697d4ba,Josh Richardson,NBA,23.84,21.96,5.75,0.32,3.7400,4.4900,5.7000,2.8500
$500 NBA Daily 8/17,2020-08-17T23:17:52.831887,estk_99b64ab9f697d4ba201a5680f9441b5c,evt_99b64ab9f697d4ba,Daniel Theis,NBA,19.63,21.35,8,0.32,3.5700,3.5400,,2.5800
$500 NBA Daily 8/17,2020-08-17T23:17:52.831906,estk_99b64ab9f697d4ba92bc30f31e413420,evt_99b64ab9f697d4ba,Matisse Thybulle,NBA,13.14,18.44,9.5,0.32,2.9300,2.4900,4.5100,1.5900
$500 NBA Daily 8/17,2020-08-17T23:17:52.831927,estk_99b64ab9f697d4ba575ca725abf50fd3,evt_99b64ab9f697d4ba,Alec Burks,NBA,14.24,14.68,5,0.32,2.2900,2.6200,3.6400,1.2400
$500 NBA Daily 8/17,2020-08-17T23:17:52.831931,estk_99b64ab9f697d4ba049fe8ca7bf97ec4,evt_99b64ab9f697d4ba,Marcus Smart,NBA,21.49,15.61,1,0.32,2.2400,3.9300,3.7800,1.4300
$500 NBA Daily 8/17,2020-08-17T23:17:52.831935,estk_99b64ab9f697d4baa1e25447b314f889,evt_99b64ab9f697d4ba,Shake Milton,NBA,16.44,13.68,2.5,0.32,2.1800,2.9600,4.0700,1.3700
$500 NBA Daily 8/17,2020-08-17T23:17:52.831939,estk_99b64ab9f697d4ba233a24e71677893c,evt_99b64ab9f697d4ba,Robert Williams,NBA,13.77,14.11,4.75,0.32,2.1300,2.6000,3.6300,
$500 NBA Daily 8/17,2020-08-17T23:20:54.791627,estk_99b64ab9f697d4ba7a763361bd2f9a08,evt_99b64ab9f697d4ba,Joel Embiid,NBA,51.78,54.17,20,0.34,17.2400,9.2700,19.5100,15.9200
$500 NBA Daily 8/17,2020-08-17T23:20:54.791671,estk_99b64ab9f697d4bada4bddbbc347c31f,evt_99b64ab9f697d4ba,Jayson Tatum,NBA,35.35,38.58,15.25,0.34,9.5700,9.9600,,7.8800
$500 NBA Daily 8/17,2020-08-17T23:20:54.791675,estk_99b64ab9f697d4ba4b8c495d9fa8db90,evt_99b64ab9f697d4ba,Jaylen Brown,NBA,29.04,33.17,14,0.34,7.3200,5.8500,9.2700,5.9700
$500 NBA Daily 8/17,2020-08-17T23:20:54.791678,estk_99b64ab9f697d4ba77c3d3d4d8ad15c5,evt_99b64ab9f697d4ba,Tobias Harris,NBA,31.88,33.04,12,0.34,7.1100,6.6600,8.4500,5.8100
$500 NBA Daily 8/17,2020-08-17T23:20:54.791682,estk_99b64ab9f697d4baf7c5bbc448149f99,evt_99b64ab9f697d4ba,Gordon Hayward,NBA,28.9,28.07,9,0.34,5.3600,5.8100,7.3300,4.5000
$500 NBA Daily 8/17,2020-08-17T23:20:54.791686,estk_99b64ab9f697d4ba63a58b55849249a4,evt_99b64ab9f697d4ba,Al Horford,NBA,27.79,28.09,9.75,0.34,5.3200,5.4700,6.5300,3.3300
$500 NBA Daily 8/17,2020-08-17T23:20:54.791705,estk_99b64ab9f697d4baa9edb859d18234d0,evt_99b64ab9f697d4ba,Kemba Walker,NBA,27.97,23.46,5,0.34,3.9300,7.3800,5.5100,2.6400
$500 NBA Daily 8/17,2020-08-17T23:20:54.791712,estk_99b64ab9f697d4bab3147c681557a264,evt_99b64ab9f697d4ba,Josh Richardson,NBA,23.84,21.48,5.75,0.34,3.4600,4.4900,,2.5400
$500 NBA Daily 8/17,2020-08-17T23:20:54.791719,estk_99b64ab9f697d4ba201a5680f9441b5c,evt_99b64ab9f697d4ba,Daniel Theis,NBA,19.63,20.96,8,0.34,3.3700,3.5400,4.9400,2.4500
$500 NBA Daily 8/17,2020-08-17T23:20:54.791741,estk_99b64ab9f697d4ba92bc30f31e413420,evt_99b64ab9f697d4ba,Matisse Thybulle,NBA,13.14,18.17,9.5,0.34,2.8100,2.4900,4.5100,1.5900
$500 NBA Daily 8/17,2020-08-17T23:20:54.791749,estk_99b64ab9f697d4ba575ca725abf50fd3,evt_99b64ab9f697d4ba,Alec Burks,NBA,14.24,16.4,7,0.34,2.5200,2.6200,3.6400,1.2400
$500 NBA Daily 8/17,2020-08-17T23:20:54.791760,estk_99b64ab9f697d4ba233a24e71677893c,evt_99b64ab9f697d4ba,Robert Williams,NBA,13.77,15.84,6.75,0.34,2.3800,2.6000,3.6300,
$500 NBA Daily 8/17,2020-08-17T23:20:54.791764,estk_99b64ab9f697d4ba049fe8ca7bf97ec4,evt_99b64ab9f697d4ba,Marcus Smart,NBA,21.49,15.18,1,0.34,2.3100,3.9300,3.7800,1.4300
$500 NBA Daily 8/17,2020-08-17T23:20:54.791767,estk_99b64ab9f697d4baa1e25447b314f889,evt_99b64ab9f697d4ba,Shake Milton,NBA,16.44,13.35,2.5,0.34,2.0600,2.9600,4.0700,1.2400
$500 NBA Daily 8/17,2020-08-17T23:22:56.090240,estk_99b64ab9f697d4ba7a763361bd2f9a08,evt_99b64ab9f697d4ba,Joel Embiid,NBA,51.78,53.66,20,0.35,17.2700,9.2700,19.5100,15.9200
$500 NBA Daily 8/17,2020-08-17T23:22:56.090285,estk_99b64ab9f697d4bada4bddbbc347c31f,evt_99b64ab9f697d4ba,Jayson Tatum,NBA,35.35,40.23,17.25,0.35,9.5200,9.9600,11.1400,7.8800
$500 NBA Daily 8/17,2020-08-17T23:22:56.090288,estk_99b64ab9f697d4ba4b8c495d9fa8db90,evt_99b64ab9f697d4ba,Jaylen Brown,NBA,29.04,32.88,14,0.35,7.2000,5.8500,9.2700,5.9700
$500 NBA Daily 8/17,2020-08-17T23:22:56.090292,estk_99b64ab9f697d4ba77c3d3d4d8ad15c5,evt_99b64ab9f697d4ba,Tobias Harris,NBA,31.88,34.72,14,0.35,7.1100,6.6600,8.4500,5.8100
$500 NBA Daily 8/17,2020-08-17T23:22:56.090296,estk_99b64ab9f697d4ba63a58b55849249a4,evt_99b64ab9f697d4ba,Al Horford,NBA,27.79,27.81,9.75,0.35,5.3900,5.4700,6.5300,3.3300
$500 NBA Daily 8/17,2020-08-17T23:22:56.090300,estk_99b64ab9f697d4baf7c5bbc448149f99,evt_99b64ab9f697d4ba,Gordon Hayward,NBA,28.9,27.79,9,0.35,5.2800,5.8100,7.3300,4.1100
$500 NBA Daily 8/17,2020-08-17T23:22:56.090318,estk_99b64ab9f697d4baa9edb859d18234d0,evt_99b64ab9f697d4ba,Kemba Walker,NBA,27.97,23.18,5,0.35,3.9600,7.3800,5.5100,2.6400
$500 NBA Daily 8/17,2020-08-17T23:22:56.090325,estk_99b64ab9f697d4bab3147c681557a264,evt_99b64ab9f697d4ba,Josh Richardson,NBA,23.84,21.25,5.75,0.35,3.4700,4.4900,5.0300,2.5400
$500 NBA Daily 8/17,2020-08-17T23:22:56.090333,estk_99b64ab9f697d4ba201a5680f9441b5c,evt_99b64ab9f697d4ba,Daniel Theis,NBA,19.63,20.76,8,0.35,3.3500,3.5400,4.8900,2.4500
$500 NBA Daily 8/17,2020-08-17T23:22:56.090354,estk_99b64ab9f697d4ba92bc30f31e413420,evt_99b64ab9f697d4ba,Matisse Thybulle,NBA,13.14,18.04,9.5,0.35,2.7600,2.4900,4.5100,1.5900
$500 NBA Daily 8/17,2020-08-17T23:22:56.090361,estk_99b64ab9f697d4ba575ca725abf50fd3,evt_99b64ab9f697d4ba,Alec Burks,NBA,14.24,16.26,7,0.35,2.4600,2.6200,3.6400,1.2400
$500 NBA Daily 8/17,2020-08-17T23:22:56.090372,estk_99b64ab9f697d4ba233a24e71677893c,evt_99b64ab9f697d4ba,Robert Williams,NBA,13.77,15.7,6.75,0.35,2.3800,2.6000,3.6300,
$500 NBA Daily 8/17,2020-08-17T23:22:56.090376,estk_99b64ab9f697d4ba049fe8ca7bf97ec4,evt_99b64ab9f697d4ba,Marcus Smart,NBA,21.49,14.97,1,0.35,2.3000,3.9300,3.7800,1.4300
$500 NBA Daily 8/17,2020-08-17T23:22:56.090379,estk_99b64ab9f697d4baa1e25447b314f889,evt_99b64ab9f697d4ba,Shake Milton,NBA,16.44,13.19,2.5,0.35,2.0600,2.9600,4.0700,1.2000
$500 NBA Daily 8/17,2020-08-17T23:24:57.465774,estk_99b64ab9f697d4ba7a763361bd2f9a08,evt_99b64ab9f697d4ba,Joel Embiid,NBA,51.78,53.35,21.25,0.38,16.9700,9.2700,18.8400,15.8100
$500 NBA Daily 8/17,2020-08-17T23:24:57.465821,estk_99b64ab9f697d4bada4bddbbc347c31f,evt_99b64ab9f697d4ba,Jayson Tatum,NBA,35.35,43.92,22,0.38,10.1900,9.9600,11.9400,7.8800
$500 NBA Daily 8/17,2020-08-17T23:24:57.465825,estk_99b64ab9f697d4ba77c3d3d4d8ad15c5,evt_99b64ab9f697d4ba,Tobias Harris,NBA,31.88,33.77,14,0.38,7.7800,6.6600,9.3900,6.0900
$500 NBA Daily 8/17,2020-08-17T23:24:57.465830,estk_99b64ab9f697d4ba4b8c495d9fa8db90,evt_99b64ab9f697d4ba,Jaylen Brown,NBA,29.04,32,14,0.38,7.0400,5.8500,8.6600,5.9700
$500 NBA Daily 8/17,2020-08-17T23:24:57.465834,estk_99b64ab9f697d4ba63a58b55849249a4,evt_99b64ab9f697d4ba,Al Horford,NBA,27.79,26.98,9.75,0.38,5.2000,5.4700,6.5300,3.3300
$500 NBA Daily 8/17,2020-08-17T23:24:57.465839,estk_99b64ab9f697d4baf7c5bbc448149f99,evt_99b64ab9f697d4ba,Gordon Hayward,NBA,28.9,28.92,11,0.38,5.1800,5.8100,6.7800,4.1100
$500 NBA Daily 8/17,2020-08-17T23:24:57.465863,estk_99b64ab9f697d4baa9edb859d18234d0,evt_99b64ab9f697d4ba,Kemba Walker,NBA,27.97,23.84,6.5,0.38,3.9000,7.3800,5.5100,2.6400
$500 NBA Daily 8/17,2020-08-17T23:24:57.465877,estk_99b64ab9f697d4bab3147c681557a264,evt_99b64ab9f697d4ba,Josh Richardson,NBA,23.84,19.53,4.75,0.38,3.3900,4.4900,5.0300,2.5400
$500 NBA Daily 8/17,2020-08-17T23:24:57.465885,estk_99b64ab9f697d4ba201a5680f9441b5c,evt_99b64ab9f697d4ba,Daniel Theis,NBA,19.63,22.17,10,0.38,3.2700,3.5400,4.8900,2.4500
$500 NBA Daily 8/17,2020-08-17T23:24:57.465905,estk_99b64ab9f697d4ba92bc30f31e413420,evt_99b64ab9f697d4ba,Matisse Thybulle,NBA,13.14,17.65,9.5,0.38,2.6800,2.4900,4.5100,1.5900
$500 NBA Daily 8/17,2020-08-17T23:24:57.465917,estk_99b64ab9f697d4ba575ca725abf50fd3,evt_99b64ab9f697d4ba,Alec Burks,NBA,14.24,15.33,6.5,0.38,2.4200,2.6200,3.6400,1.2400
$500 NBA Daily 8/17,2020-08-17T23:24:57.465926,estk_99b64ab9f697d4ba233a24e71677893c,evt_99b64ab9f697d4ba,Robert Williams,NBA,13.77,15.29,6.75,0.38,2.3300,2.6000,3.6300,
$500 NBA Daily 8/17,2020-08-17T23:24:57.465930,estk_99b64ab9f697d4ba049fe8ca7bf97ec4,evt_99b64ab9f697d4ba,Marcus Smart,NBA,21.49,15.82,2.5,0.38,2.2500,3.9300,3.7800,1.3900
$500 NBA Daily 8/17,2020-08-17T23:24:57.465934,estk_99b64ab9f697d4baa1e25447b314f889,evt_99b64ab9f697d4ba,Shake Milton,NBA,16.44,12.69,2.5,0.38,1.9800,2.9600,3.5300,1.1700
$500 NBA Daily 8/17,2020-08-17T23:31:01.637419,estk_99b64ab9f697d4ba7a763361bd2f9a08,evt_99b64ab9f697d4ba,Joel Embiid,NBA,51.78,52.82,21.75,0.4,16.8600,9.2700,18.8400,15.4700
$500 NBA Daily 8/17,2020-08-17T23:31:01.637453,estk_99b64ab9f697d4bada4bddbbc347c31f,evt_99b64ab9f697d4ba,Jayson Tatum,NBA,35.35,46.46,25.25,0.4,12.0000,9.9600,13.7300,10.2500
$500 NBA Daily 8/17,2020-08-17T23:31:01.637468,estk_99b64ab9f697d4ba77c3d3d4d8ad15c5,evt_99b64ab9f697d4ba,Tobias Harris,NBA,31.88,36.63,17.5,0.4,7.2600,6.6600,8.8600,6.0900
$500 NBA Daily 8/17,2020-08-17T23:31:01.637472,estk_99b64ab9f697d4ba4b8c495d9fa8db90,evt_99b64ab9f697d4ba,Jaylen Brown,NBA,29.04,32.92,15.5,0.4,6.6900,5.8500,8.6600,5.6700
$500 NBA Daily 8/17,2020-08-17T23:31:01.637476,estk_99b64ab9f697d4baf7c5bbc448149f99,evt_99b64ab9f697d4ba,Gordon Hayward,NBA,28.9,28.34,11,0.4,5.5200,5.8100,6.7800,4.1100
$500 NBA Daily 8/17,2020-08-17T23:31:01.637485,estk_99b64ab9f697d4ba63a58b55849249a4,evt_99b64ab9f697d4ba,Al Horford,NBA,27.79,26.42,9.75,0.4,4.8900,5.4700,6.5300,3.3300
$500 NBA Daily 8/17,2020-08-17T23:31:01.637500,estk_99b64ab9f697d4baa9edb859d18234d0,evt_99b64ab9f697d4ba,Kemba Walker,NBA,27.97,23.28,6.5,0.4,3.9700,7.3800,5.5100,2.6400
$500 NBA Daily 8/17,2020-08-17T23:31:01.637507,estk_99b64ab9f697d4ba201a5680f9441b5c,evt_99b64ab9f697d4ba,Daniel Theis,NBA,19.63,21.78,10,0.4,3.5100,3.5400,4.8900,2.4500
$500 NBA Daily 8/17,2020-08-17T23:31:01.637526,estk_99b64ab9f697d4bab3147c681557a264,evt_99b64ab9f697d4ba,Josh Richardson,NBA,23.84,19.05,4.75,0.4,3.0200,4.4900,4.5300,1.9100
$500 NBA Daily 8/17,2020-08-17T23:31:01.637540,estk_99b64ab9f697d4ba92bc30f31e413420,evt_99b64ab9f697d4ba,Matisse Thybulle,NBA,13.14,17.38,9.5,0.4,2.6100,2.4900,4.5100,1.5900
$500 NBA Daily 8/17,2020-08-17T23:31:01.637551,estk_99b64ab9f697d4ba049fe8ca7bf97ec4,evt_99b64ab9f697d4ba,Marcus Smart,NBA,21.49,15.39,2.5,0.4,2.3000,3.9300,3.7800,1.3900
$500 NBA Daily 8/17,2020-08-17T23:31:01.637555,estk_99b64ab9f697d4ba575ca725abf50fd3,evt_99b64ab9f697d4ba,Alec Burks,NBA,14.24,15.04,6.5,0.4,2.2300,2.6200,3.6400,1.2400
$500 NBA Daily 8/17,2020-08-17T23:31:01.637559,estk_99b64ab9f697d4ba233a24e71677893c,evt_99b64ab9f697d4ba,Robert Williams,NBA,13.77,15.01,6.75,0.4,2.2300,2.6000,3.6300,
$500 NBA Daily 8/17,2020-08-17T23:31:01.637563,estk_99b64ab9f697d4baa1e25447b314f889,evt_99b64ab9f697d4ba,Shake Milton,NBA,16.44,14.36,4.5,0.4,1.9000,2.9600,3.5300,
$500 NBA Daily 8/17,2020-08-17T23:34:03.778888,estk_99b64ab9f697d4ba7a763361bd2f9a08,evt_99b64ab9f697d4ba,Joel Embiid,NBA,51.78,54.75,25.75,0.44,17.4600,9.2700,18.8800,15.4000
$500 NBA Daily 8/17,2020-08-17T23:34:03.778921,estk_99b64ab9f697d4bada4bddbbc347c31f,evt_99b64ab9f697d4ba,Jayson Tatum,NBA,35.35,45.05,25.25,0.44,12.4200,9.9600,14.9100,11.3900
$500 NBA Daily 8/17,2020-08-17T23:34:03.778936,estk_99b64ab9f697d4ba77c3d3d4d8ad15c5,evt_99b64ab9f697d4ba,Tobias Harris,NBA,31.88,36.85,19,0.44,8.5300,6.6600,10.0900,6.7500
$500 NBA Daily 8/17,2020-08-17T23:34:03.778940,estk_99b64ab9f697d4ba4b8c495d9fa8db90,evt_99b64ab9f697d4ba,Jaylen Brown,NBA,29.04,32.51,16.25,0.44,6.7100,5.8500,8.6600,5.6700
$500 NBA Daily 8/17,2020-08-17T23:34:03.778947,estk_99b64ab9f697d4baf7c5bbc448149f99,evt_99b64ab9f697d4ba,Gordon Hayward,NBA,28.9,27.43,11.25,0.44,4.9100,5.8100,6.7800,4.0000
$500 NBA Daily 8/17,2020-08-17T23:34:03.778955,estk_99b64ab9f697d4ba63a58b55849249a4,evt_99b64ab9f697d4ba,Al Horford,NBA,27.79,25.31,9.75,0.44,4.2100,5.4700,6.5300,3.3300
$500 NBA Daily 8/17,2020-08-17T23:34:03.778966,estk_99b64ab9f697d4baa9edb859d18234d0,evt_99b64ab9f697d4ba,Kemba Walker,NBA,27.97,24.16,8.5,0.44,3.9100,7.3800,5.5100,2.6400
$500 NBA Daily 8/17,2020-08-17T23:34:03.778987,estk_99b64ab9f697d4ba201a5680f9441b5c,evt_99b64ab9f697d4ba,Daniel Theis,NBA,19.63,20.99,10,0.44,3.2000,3.5400,4.8900,2.4500
$500 NBA Daily 8/17,2020-08-17T23:34:03.778998,estk_99b64ab9f697d4ba92bc30f31e413420,evt_99b64ab9f697d4ba,Matisse Thybulle,NBA,13.14,18.86,11.5,0.44,2.7200,2.4900,4.0400,1.6000
$500 NBA Daily 8/17,2020-08-17T23:34:03.779009,estk_99b64ab9f697d4bab3147c681557a264,evt_99b64ab9f697d4ba,Josh Richardson,NBA,23.84,17.1,3.75,0.44,2.4100,4.4900,4.5300,1.8900
$500 NBA Daily 8/17,2020-08-17T23:34:03.779013,estk_99b64ab9f697d4baa1e25447b314f889,evt_99b64ab9f697d4ba,Shake Milton,NBA,16.44,17.21,8,0.44,2.4100,2.9600,3.5300,
$500 NBA Daily 8/17,2020-08-17T23:34:03.779020,estk_99b64ab9f697d4ba575ca725abf50fd3,evt_99b64ab9f697d4ba,Alec Burks,NBA,14.24,14.47,6.5,0.44,2.0400,2.6200,3.6400,1.2400
$500 NBA Daily 8/17,2020-08-17T23:34:03.779024,estk_99b64ab9f697d4ba049fe8ca7bf97ec4,evt_99b64ab9f697d4ba,Marcus Smart,NBA,21.49,14.53,2.5,0.44,2.0200,3.9300,3.7800,1.3900
$500 NBA Daily 8/17,2020-08-17T23:34:03.779028,estk_99b64ab9f697d4ba233a24e71677893c,evt_99b64ab9f697d4ba,Robert Williams,NBA,13.77,14.46,6.75,0.44,2.0000,2.6000,3.6300,
$500 NBA Daily 8/17,2020-08-17T23:36:05.056128,estk_99b64ab9f697d4ba7a763361bd2f9a08,evt_99b64ab9f697d4ba,Joel Embiid,NBA,51.78,54.23,25.75,0.45,17.0900,9.2700,18.8800,15.4000
$500 NBA Daily 8/17,2020-08-17T23:36:05.056161,estk_99b64ab9f697d4bada4bddbbc347c31f,evt_99b64ab9f697d4ba,Jayson Tatum,NBA,35.35,47.69,28.25,0.45,13.7400,9.9600,15.0400,11.3900
$500 NBA Daily 8/17,2020-08-17T23:36:05.056176,estk_99b64ab9f697d4ba77c3d3d4d8ad15c5,evt_99b64ab9f697d4ba,Tobias Harris,NBA,31.88,36.53,19,0.45,8.2600,6.6600,10.0900,6.8600
$500 NBA Daily 8/17,2020-08-17T23:36:05.056180,estk_99b64ab9f697d4ba4b8c495d9fa8db90,evt_99b64ab9f697d4ba,Jaylen Brown,NBA,29.04,33.72,17.75,0.45,7.0600,5.8500,8.6600,5.6700
$500 NBA Daily 8/17,2020-08-17T23:36:05.056184,estk_99b64ab9f697d4baf7c5bbc448149f99,evt_99b64ab9f697d4ba,Gordon Hayward,NBA,28.9,30.65,14.75,0.45,5.9000,5.8100,6.7800,4.0000
$500 NBA Daily 8/17,2020-08-17T23:36:05.056195,estk_99b64ab9f697d4ba63a58b55849249a4,evt_99b64ab9f697d4ba,Al Horford,NBA,27.79,25.03,9.75,0.45,4.0900,5.4700,5.7900,3.3300
$500 NBA Daily 8/17,2020-08-17T23:36:05.056206,estk_99b64ab9f697d4baa9edb859d18234d0,evt_99b64ab9f697d4ba,Kemba Walker,NBA,27.97,23.88,8.5,0.45,3.7700,7.3800,5.5100,2.6400
$500 NBA Daily 8/17,2020-08-17T23:36:05.056227,estk_99b64ab9f697d4ba201a5680f9441b5c,evt_99b64ab9f697d4ba,Daniel Theis,NBA,19.63,20.8,10,0.45,3.0100,3.5400,4.8900,2.0200
$500 NBA Daily 8/17,2020-08-17T23:36:05.056238,estk_99b64ab9f697d4bab3147c681557a264,evt_99b64ab9f697d4ba,Josh Richardson,NBA,23.84,18.86,5.75,0.45,2.6800,4.4900,3.9600,1.4200
$500 NBA Daily 8/17,2020-08-17T23:36:05.056245,estk_99b64ab9f697d4ba92bc30f31e413420,evt_99b64ab9f697d4ba,Matisse Thybulle,NBA,13.14,18.73,11.5,0.45,2.6100,2.4900,4.0400,1.6000
$500 NBA Daily 8/17,2020-08-17T23:36:05.056257,estk_99b64ab9f697d4baa1e25447b314f889,evt_99b64ab9f697d4ba,Shake Milton,NBA,16.44,17.04,8,0.45,2.3300,2.9600,3.5300,
$500 NBA Daily 8/17,2020-08-17T23:36:05.056260,estk_99b64ab9f697d4ba233a24e71677893c,evt_99b64ab9f697d4ba,Robert Williams,NBA,13.77,15.82,8.25,0.45,2.1600,2.6000,3.6300,
$500 NBA Daily 8/17,2020-08-17T23:36:05.056264,estk_99b64ab9f697d4ba049fe8ca7bf97ec4,evt_99b64ab9f697d4ba,Marcus Smart,NBA,21.49,14.32,2.5,0.45,1.9700,3.9300,3.7800,
$500 NBA Daily 8/17,2020-08-17T23:36:05.056268,estk_99b64ab9f697d4ba575ca725abf50fd3,evt_99b64ab9f697d4ba,Alec Burks,NBA,14.24,14.33,6.5,0.45,1.9600,2.6200,3.6400,1.1300
$500 NBA Daily 8/17,2020-08-17T23:37:05.681154,estk_99b64ab9f697d4ba7a763361bd2f9a08,evt_99b64ab9f697d4ba,Joel Embiid,NBA,51.78,53.19,25.75,0.47,16.7600,9.2700,18.8800,15.4000
$500 NBA Daily 8/17,2020-08-17T23:37:05.681188,estk_99b64ab9f697d4bada4bddbbc347c31f,evt_99b64ab9f697d4ba,Jayson Tatum,NBA,35.35,46.99,28.25,0.47,13.3600,9.9600,15.0400,11.3900
$500 NBA Daily 8/17,2020-08-17T23:37:05.681204,estk_99b64ab9f697d4ba77c3d3d4d8ad15c5,evt_99b64ab9f697d4ba,Tobias Harris,NBA,31.88,35.9,19,0.47,7.9400,6.6600,10.0900,6.8600
$500 NBA Daily 8/17,2020-08-17T23:37:05.681208,estk_99b64ab9f697d4ba4b8c495d9fa8db90,evt_99b64ab9f697d4ba,Jaylen Brown,NBA,29.04,35.14,19.75,0.47,7.6700,5.8500,8.6600,5.6700
$500 NBA Daily 8/17,2020-08-17T23:37:05.681212,estk_99b64ab9f697d4baf7c5bbc448149f99,evt_99b64ab9f697d4ba,Gordon Hayward,NBA,28.9,31.32,16,0.47,6.1100,5.8100,7.5200,4.0000
$500 NBA Daily 8/17,2020-08-17T23:37:05.681231,estk_99b64ab9f697d4ba63a58b55849249a4,evt_99b64ab9f697d4ba,Al Horford,NBA,27.79,24.48,9.75,0.47,3.9200,5.4700,5.7900,3.2400
$500 NBA Daily 8/17,2020-08-17T23:37:05.681235,estk_99b64ab9f697d4baa9edb859d18234d0,evt_99b64ab9f697d4ba,Kemba Walker,NBA,27.97,23.32,8.5,0.47,3.6100,7.3800,5.5100,2.6400
$500 NBA Daily 8/17,2020-08-17T23:37:05.681257,estk_99b64ab9f697d4ba201a5680f9441b5c,evt_99b64ab9f697d4ba,Daniel Theis,NBA,19.63,20.4,10,0.47,2.9500,3.5400,4.8900,2.0200
$500 NBA Daily 8/17,2020-08-17T23:37:05.681271,estk_99b64ab9f697d4ba92bc30f31e413420,evt_99b64ab9f697d4ba,Matisse Thybulle,NBA,13.14,18.46,11.5,0.47,2.5800,2.4900,4.0400,1.6000
$500 NBA Daily 8/17,2020-08-17T23:37:05.681275,estk_99b64ab9f697d4bab3147c681557a264,evt_99b64ab9f697d4ba,Josh Richardson,NBA,23.84,18.39,5.75,0.47,2.5600,4.4900,3.9600,1.4200
$500 NBA Daily 8/17,2020-08-17T23:37:05.681286,estk_99b64ab9f697d4baa1e25447b314f889,evt_99b64ab9f697d4ba,Shake Milton,NBA,16.44,16.21,7.5,0.47,2.2100,2.9600,3.5300,
$500 NBA Daily 8/17,2020-08-17T23:37:05.681290,estk_99b64ab9f697d4ba233a24e71677893c,evt_99b64ab9f697d4ba,Robert Williams,NBA,13.77,15.55,8.25,0.47,2.1300,2.6000,3.6300,
$500 NBA Daily 8/17,2020-08-17T23:37:05.681293,estk_99b64ab9f697d4ba049fe8ca7bf97ec4,evt_99b64ab9f697d4ba,Marcus Smart,NBA,21.49,13.89,2.5,0.47,1.9100,3.9300,3.7800,
$500 NBA Daily 8/17,2020-08-17T23:37:05.681297,estk_99b64ab9f697d4ba575ca725abf50fd3,evt_99b64ab9f697d4ba,Alec Burks,NBA,14.24,14.05,6.5,0.47,1.9000,2.6200,3.6400,1.1300
$500 NBA Daily 8/17,2020-08-17T23:38:06.387452,estk_99b64ab9f697d4ba7a763361bd2f9a08,evt_99b64ab9f697d4ba,Joel Embiid,NBA,51.78,52.68,25.75,0.48,16.3300,9.2700,18.8800,15.4000
$500 NBA Daily 8/17,2020-08-17T23:38:06.387488,estk_99b64ab9f697d4bada4bddbbc347c31f,evt_99b64ab9f697d4ba,Jayson Tatum,NBA,35.35,48.63,30.25,0.48,14.2400,9.9600,15.0400,11.5900
$500 NBA Daily 8/17,2020-08-17T23:38:06.387503,estk_99b64ab9f697d4ba77c3d3d4d8ad15c5,evt_99b64ab9f697d4ba,Tobias Harris,NBA,31.88,37.08,20.5,0.48,8.4000,6.6600,10.0900,6.8600
$500 NBA Daily 8/17,2020-08-17T23:38:06.387507,estk_99b64ab9f697d4ba4b8c495d9fa8db90,evt_99b64ab9f697d4ba,Jaylen Brown,NBA,29.04,34.85,19.75,0.48,7.4600,5.8500,9.3200,6.0200
$500 NBA Daily 8/17,2020-08-17T23:38:06.387511,estk_99b64ab9f697d4baf7c5bbc448149f99,evt_99b64ab9f697d4ba,Gordon Hayward,NBA,28.9,31.03,16,0.48,5.9600,5.8100,7.5200,4.0000
$500 NBA Daily 8/17,2020-08-17T23:38:06.387530,estk_99b64ab9f697d4ba63a58b55849249a4,evt_99b64ab9f697d4ba,Al Horford,NBA,27.79,24.2,9.75,0.48,3.8200,5.4700,5.7900,3.0900
$500 NBA Daily 8/17,2020-08-17T23:38:06.387537,estk_99b64ab9f697d4baa9edb859d18234d0,evt_99b64ab9f697d4ba,Kemba Walker,NBA,27.97,23.04,8.5,0.48,3.4800,7.3800,5.5100,2.6400
$500 NBA Daily 8/17,2020-08-17T23:38:06.387544,estk_99b64ab9f697d4bab3147c681557a264,evt_99b64ab9f697d4ba,Josh Richardson,NBA,23.84,21.65,9.25,0.48,3.2000,4.4900,3.9600,1.4200
$500 NBA Daily 8/17,2020-08-17T23:38:06.387563,estk_99b64ab9f697d4ba201a5680f9441b5c,evt_99b64ab9f697d4ba,Daniel Theis,NBA,19.63,20.21,10,0.48,2.8600,3.5400,4.8900,2.0200
$500 NBA Daily 8/17,2020-08-17T23:38:06.387573,estk_99b64ab9f697d4ba92bc30f31e413420,evt_99b64ab9f697d4ba,Matisse Thybulle,NBA,13.14,18.33,11.5,0.48,2.5600,2.4900,4.0400,1.6000
$500 NBA Daily 8/17,2020-08-17T23:38:06.387585,estk_99b64ab9f697d4baa1e25447b314f889,evt_99b64ab9f697d4ba,Shake Milton,NBA,16.44,16.05,7.5,0.48,2.1200,2.9600,3.5300,
$500 NBA Daily 8/17,2020-08-17T23:38:06.387589,estk_99b64ab9f697d4ba233a24e71677893c,evt_99b64ab9f697d4ba,Robert Williams,NBA,13.77,15.41,8.25,0.48,2.0400,2.6000,3.6300,
$500 NBA Daily 8/17,2020-08-17T23:38:06.387592,estk_99b64ab9f697d4ba575ca725abf50fd3,evt_99b64ab9f697d4ba,Alec Burks,NBA,14.24,13.9,6.5,0.48,1.8500,2.6200,3.6400,
$500 NBA Daily 8/17,2020-08-17T23:38:06.387596,estk_99b64ab9f697d4ba049fe8ca7bf97ec4,evt_99b64ab9f697d4ba,Marcus Smart,NBA,21.49,13.67,2.5,0.48,1.8400,3.9300,3.7800,
$500 NBA Daily 8/17,2020-08-17T23:39:06.984698,estk_99b64ab9f697d4ba7a763361bd2f9a08,evt_99b64ab9f697d4ba,Joel Embiid,NBA,51.78,51.64,25.75,0.5,15.9800,9.2700,18.1600,15.0900
$500 NBA Daily 8/17,2020-08-17T23:39:06.984732,estk_99b64ab9f697d4bada4bddbbc347c31f,evt_99b64ab9f697d4ba,Jayson Tatum,NBA,35.35,48.67,31,0.5,14.3100,9.9600,16.0200,12.4600
$500 NBA Daily 8/17,2020-08-17T23:39:06.984747,estk_99b64ab9f697d4ba77c3d3d4d8ad15c5,evt_99b64ab9f697d4ba,Tobias Harris,NBA,31.88,39.19,23.25,0.5,9.3900,6.6600,10.0900,6.8600
$500 NBA Daily 8/17,2020-08-17T23:39:06.984751,estk_99b64ab9f697d4ba4b8c495d9fa8db90,evt_99b64ab9f697d4ba,Jaylen Brown,NBA,29.04,34.27,19.75,0.5,7.2500,5.8500,9.3200,6.0200
$500 NBA Daily 8/17,2020-08-17T23:39:06.984754,estk_99b64ab9f697d4baf7c5bbc448149f99,evt_99b64ab9f697d4ba,Gordon Hayward,NBA,28.9,30.45,16,0.5,5.7800,5.8100,7.5200,4.0000
$500 NBA Daily 8/17,2020-08-17T23:39:06.984773,estk_99b64ab9f697d4ba63a58b55849249a4,evt_99b64ab9f697d4ba,Al Horford,NBA,27.79,23.64,9.75,0.5,3.6600,5.4700,5.7900,2.6300
$500 NBA Daily 8/17,2020-08-17T23:39:06.984780,estk_99b64ab9f697d4bab3147c681557a264,evt_99b64ab9f697d4ba,Josh Richardson,NBA,23.84,23.17,11.25,0.5,3.4800,4.4900,4.7600,1.4200
$500 NBA Daily 8/17,2020-08-17T23:39:06.984784,estk_99b64ab9f697d4baa9edb859d18234d0,evt_99b64ab9f697d4ba,Kemba Walker,NBA,27.97,22.48,8.5,0.5,3.4000,7.3800,5.5100,2.6400
$500 NBA Daily 8/17,2020-08-17T23:39:06.984808,estk_99b64ab9f697d4ba201a5680f9441b5c,evt_99b64ab9f697d4ba,Daniel Theis,NBA,19.63,19.81,10,0.5,2.7500,3.5400,4.4200,2.0200
$500 NBA Daily 8/17,2020-08-17T23:39:06.984819,estk_99b64ab9f697d4ba92bc30f31e413420,evt_99b64ab9f697d4ba,Matisse Thybulle,NBA,13.14,17.57,11,0.5,2.3500,2.4900,4.0400,1.6000
$500 NBA Daily 8/17,2020-08-17T23:39:06.984826,estk_99b64ab9f697d4baa1e25447b314f889,evt_99b64ab9f697d4ba,Shake Milton,NBA,16.44,15.72,7.5,0.5,2.0600,2.9600,3.5300,
$500 NBA Daily 8/17,2020-08-17T23:39:06.984830,estk_99b64ab9f697d4ba233a24e71677893c,evt_99b64ab9f697d4ba,Robert Williams,NBA,13.77,15.13,8.25,0.5,1.9800,2.6000,3.6300,
$500 NBA Daily 8/17,2020-08-17T23:39:06.984834,estk_99b64ab9f697d4ba575ca725abf50fd3,evt_99b64ab9f697d4ba,Alec Burks,NBA,14.24,13.62,6.5,0.5,1.8200,2.6200,3.6400,
$500 NBA Daily 8/17,2020-08-17T23:39:06.984837,estk_99b64ab9f697d4ba049fe8ca7bf97ec4,evt_99b64ab9f697d4ba,Marcus Smart,NBA,21.49,13.24,2.5,0.5,1.7800,3.9300,3.7800,
$500 NBA Daily 8/17,2020-08-17T23:56:18.420529,estk_99b64ab9f697d4ba7a763361bd2f9a08,evt_99b64ab9f697d4ba,Joel Embiid,NBA,51.78,50.6,25.75,0.52,15.4500,9.2700,17.6500,14.1600
$500 NBA Daily 8/17,2020-08-17T23:56:18.420563,estk_99b64ab9f697d4bada4bddbbc347c31f,evt_99b64ab9f697d4ba,Jayson Tatum,NBA,35.35,49.97,33,0.52,15.1200,9.9600,16.0200,12.5200
$500 NBA Daily 8/17,2020-08-17T23:56:18.420578,estk_99b64ab9f697d4ba77c3d3d4d8ad15c5,evt_99b64ab9f697d4ba,Tobias Harris,NBA,31.88,38.55,23.25,0.52,9.1200,6.6600,11.0800,7.7000
$500 NBA Daily 8/17,2020-08-17T23:56:18.420582,estk_99b64ab9f697d4ba4b8c495d9fa8db90,evt_99b64ab9f697d4ba,Jaylen Brown,NBA,29.04,35.19,21.25,0.52,7.6100,5.8500,8.7800,6.0200
$500 NBA Daily 8/17,2020-08-17T23:56:18.420586,estk_99b64ab9f697d4baf7c5bbc448149f99,evt_99b64ab9f697d4ba,Gordon Hayward,NBA,28.9,29.87,16,0.52,5.5200,5.8100,7.5200,4.1600
$500 NBA Daily 8/17,2020-08-17T23:56:18.420604,estk_99b64ab9f697d4bab3147c681557a264,evt_99b64ab9f697d4ba,Josh Richardson,NBA,23.84,23.69,12.25,0.52,3.6500,4.4900,5.3400,2.0800
$500 NBA Daily 8/17,2020-08-17T23:56:18.420611,estk_99b64ab9f697d4ba63a58b55849249a4,evt_99b64ab9f697d4ba,Al Horford,NBA,27.79,23.09,9.75,0.52,3.5000,5.4700,5.2300,2.6300
$500 NBA Daily 8/17,2020-08-17T23:56:18.420669,estk_99b64ab9f697d4baa9edb859d18234d0,evt_99b64ab9f697d4ba,Kemba Walker,NBA,27.97,21.43,8,0.52,3.1100,7.3800,4.9700,2.2600
$500 NBA Daily 8/17,2020-08-17T23:56:18.420679,estk_99b64ab9f697d4ba201a5680f9441b5c,evt_99b64ab9f697d4ba,Daniel Theis,NBA,19.63,19.42,10,0.52,2.7100,3.5400,4.3100,1.8200
$500 NBA Daily 8/17,2020-08-17T23:56:18.420694,estk_99b64ab9f697d4ba92bc30f31e413420,evt_99b64ab9f697d4ba,Matisse Thybulle,NBA,13.14,17.31,11,0.52,2.2900,2.4900,4.0400,1.4600
$500 NBA Daily 8/17,2020-08-17T23:56:18.420698,estk_99b64ab9f697d4baa1e25447b314f889,evt_99b64ab9f697d4ba,Shake Milton,NBA,16.44,15.39,7.5,0.52,2.0200,2.9600,3.5300,
$500 NBA Daily 8/17,2020-08-17T23:56:18.420702,estk_99b64ab9f697d4ba233a24e71677893c,evt_99b64ab9f697d4ba,Robert Williams,NBA,13.77,14.86,8.25,0.52,1.9600,2.6000,3.6300,
$500 NBA Daily 8/17,2020-08-17T23:56:18.420706,estk_99b64ab9f697d4ba575ca725abf50fd3,evt_99b64ab9f697d4ba,Alec Burks,NBA,14.24,13.34,6.5,0.52,1.7500,2.6200,3.6400,
$500 NBA Daily 8/17,2020-08-17T23:56:18.420710,estk_99b64ab9f697d4ba049fe8ca7bf97ec4,evt_99b64ab9f697d4ba,Marcus Smart,NBA,21.49,12.82,2.5,0.52,1.7100,3.9300,3.2600,
$500 NBA Daily 8/17,2020-08-17T23:57:19.095440,estk_99b64ab9f697d4ba7a763361bd2f9a08,evt_99b64ab9f697d4ba,Joel Embiid,NBA,51.78,53.57,29.75,0.54,16.8200,9.2700,17.6500,14.9800
$500 NBA Daily 8/17,2020-08-17T23:57:19.095472,estk_99b64ab9f697d4bada4bddbbc347c31f,evt_99b64ab9f697d4ba,Jayson Tatum,NBA,35.35,49.26,33,0.54,14.3800,9.9600,16.9200,13.3200
$500 NBA Daily 8/17,2020-08-17T23:57:19.095488,estk_99b64ab9f697d4ba4b8c495d9fa8db90,evt_99b64ab9f697d4ba,Jaylen Brown,NBA,29.04,38.86,25.5,0.54,9.0600,5.8500,8.7800,5.9600
$500 NBA Daily 8/17,2020-08-17T23:57:19.095491,estk_99b64ab9f697d4ba77c3d3d4d8ad15c5,evt_99b64ab9f697d4ba,Tobias Harris,NBA,31.88,37.41,22.75,0.54,8.3400,6.6600,10.0100,
$500 NBA Daily 8/17,2020-08-17T23:57:19.095495,estk_99b64ab9f697d4baf7c5bbc448149f99,evt_99b64ab9f697d4ba,Gordon Hayward,NBA,28.9,31.29,18,0.54,5.9400,5.8100,7.5200,4.1600
$500 NBA Daily 8/17,2020-08-17T23:57:19.095514,estk_99b64ab9f697d4ba63a58b55849249a4,evt_99b64ab9f697d4ba,Al Horford,NBA,27.79,24.03,11.25,0.54,3.6000,5.4700,5.2300,2.6300
$500 NBA Daily 8/17,2020-08-17T23:57:19.095525,estk_99b64ab9f697d4bab3147c681557a264,evt_99b64ab9f697d4ba,Josh Richardson,NBA,23.84,22.72,11.75,0.54,3.2800,4.4900,5.3400,2.0800
$500 NBA Daily 8/17,2020-08-17T23:57:19.095532,estk_99b64ab9f697d4baa9edb859d18234d0,evt_99b64ab9f697d4ba,Kemba Walker,NBA,27.97,22.37,9.5,0.54,3.1900,7.3800,4.9700,2.2600
$500 NBA Daily 8/17,2020-08-17T23:57:19.095550,estk_99b64ab9f697d4ba201a5680f9441b5c,evt_99b64ab9f697d4ba,Daniel Theis,NBA,19.63,20.28,11.25,0.54,2.7300,3.5400,4.3100,1.8200
$500 NBA Daily 8/17,2020-08-17T23:57:19.095553,estk_99b64ab9f697d4baa1e25447b314f889,evt_99b64ab9f697d4ba,Shake Milton,NBA,16.44,20.06,12.5,0.54,2.7000,2.9600,3.5300,1.1500
$500 NBA Daily 8/17,2020-08-17T23:57:19.095568,estk_99b64ab9f697d4ba92bc30f31e413420,evt_99b64ab9f697d4ba,Matisse Thybulle,NBA,13.14,17.04,11,0.54,2.1700,2.4900,4.0400,1.4600
$500 NBA Daily 8/17,2020-08-17T23:57:19.095571,estk_99b64ab9f697d4ba233a24e71677893c,evt_99b64ab9f697d4ba,Robert Williams,NBA,13.77,14.58,8.25,0.54,1.8200,2.6000,3.6300,
$500 NBA Daily 8/17,2020-08-17T23:57:19.095575,estk_99b64ab9f697d4ba575ca725abf50fd3,evt_99b64ab9f697d4ba,Alec Burks,NBA,14.24,13.05,6.5,0.54,1.6500,2.6200,3.6400,
$500 NBA Daily 8/17,2020-08-17T23:57:19.095579,estk_99b64ab9f697d4ba049fe8ca7bf97ec4,evt_99b64ab9f697d4ba,Marcus Smart,NBA,21.49,12.39,2.5,0.54,1.5900,3.9300,3.2600,
$500 NBA Daily 8/17,2020-08-17T23:58:19.759058,estk_99b64ab9f697d4ba7a763361bd2f9a08,evt_99b64ab9f697d4ba,Joel Embiid,NBA,51.78,52.03,29.25,0.56,16.1800,9.2700,18.6600,14.9800
$500 NBA Daily 8/17,2020-08-17T23:58:19.759093,estk_99b64ab9f697d4bada4bddbbc347c31f,evt_99b64ab9f697d4ba,Jayson Tatum,NBA,35.35,49.3,33.75,0.56,14.6700,9.9600,16.1700,13.3200
$500 NBA Daily 8/17,2020-08-17T23:58:19.759109,estk_99b64ab9f697d4ba4b8c495d9fa8db90,evt_99b64ab9f697d4ba,Jaylen Brown,NBA,29.04,38.28,25.5,0.56,8.8300,5.8500,10.7400,7.3800
$500 NBA Daily 8/17,2020-08-17T23:58:19.759112,estk_99b64ab9f697d4ba77c3d3d4d8ad15c5,evt_99b64ab9f697d4ba,Tobias Harris,NBA,31.88,36.78,22.75,0.56,8.1700,6.6600,10.0100,6.6700
$500 NBA Daily 8/17,2020-08-17T23:58:19.759116,estk_99b64ab9f697d4baf7c5bbc448149f99,evt_99b64ab9f697d4ba,Gordon Hayward,NBA,28.9,30.72,18,0.56,5.7300,5.8100,7.5200,4.3200
$500 NBA Daily 8/17,2020-08-17T23:58:19.759134,estk_99b64ab9f697d4ba63a58b55849249a4,evt_99b64ab9f697d4ba,Al Horford,NBA,27.79,24.73,12.5,0.56,3.7900,5.4700,5.2300,2.6300
$500 NBA Daily 8/17,2020-08-17T23:58:19.759146,estk_99b64ab9f697d4bab3147c681557a264,evt_99b64ab9f697d4ba,Josh Richardson,NBA,23.84,22.24,11.75,0.56,3.2500,4.4900,5.3400,2.0800
$500 NBA Daily 8/17,2020-08-17T23:58:19.759160,estk_99b64ab9f697d4baa9edb859d18234d0,evt_99b64ab9f697d4ba,Kemba Walker,NBA,27.97,21.81,9.5,0.56,3.1100,7.3800,4.9700,2.2600
$500 NBA Daily 8/17,2020-08-17T23:58:19.759170,estk_99b64ab9f697d4baa1e25447b314f889,evt_99b64ab9f697d4ba,Shake Milton,NBA,16.44,19.73,12.5,0.56,2.6600,2.9600,4.2500,1.1500
$500 NBA Daily 8/17,2020-08-17T23:58:19.759174,estk_99b64ab9f697d4ba201a5680f9441b5c,evt_99b64ab9f697d4ba,Daniel Theis,NBA,19.63,19.89,11.25,0.56,2.6500,3.5400,4.3100,1.8200
$500 NBA Daily 8/17,2020-08-17T23:58:19.759189,estk_99b64ab9f697d4ba92bc30f31e413420,evt_99b64ab9f697d4ba,Matisse Thybulle,NBA,13.14,16.78,11,0.56,2.1300,2.4900,4.0400,1.3100
$500 NBA Daily 8/17,2020-08-17T23:58:19.759192,estk_99b64ab9f697d4ba233a24e71677893c,evt_99b64ab9f697d4ba,Robert Williams,NBA,13.77,14.31,8.25,0.56,1.7900,2.6000,3.6300,
$500 NBA Daily 8/17,2020-08-17T23:58:19.759196,estk_99b64ab9f697d4ba575ca725abf50fd3,evt_99b64ab9f697d4ba,Alec Burks,NBA,14.24,12.77,6.5,0.56,1.6100,2.6200,3.6400,
$500 NBA Daily 8/17,2020-08-17T23:58:19.759200,estk_99b64ab9f697d4ba049fe8ca7bf97ec4,evt_99b64ab9f697d4ba,Marcus Smart,NBA,21.49,11.96,2.5,0.56,1.5400,3.9300,3.2600,
$500 NBA Daily 8/17,2020-08-17T23:59:20.444484,estk_99b64ab9f697d4ba7a763361bd2f9a08,evt_99b64ab9f697d4ba,Joel Embiid,NBA,51.78,52.77,30.5,0.57,16.4100,9.2700,18.0000,14.9800
$500 NBA Daily 8/17,2020-08-17T23:59:20.444514,estk_99b64ab9f697d4bada4bddbbc347c31f,evt_99b64ab9f697d4ba,Jayson Tatum,NBA,35.35,50.95,35.75,0.57,15.3400,9.9600,16.1700,13.3200
$500 NBA Daily 8/17,2020-08-17T23:59:20.444535,estk_99b64ab9f697d4ba4b8c495d9fa8db90,evt_99b64ab9f697d4ba,Jaylen Brown,NBA,29.04,40.24,27.75,0.57,9.6400,5.8500,,7.3800
$500 NBA Daily 8/17,2020-08-17T23:59:20.444538,estk_99b64ab9f697d4ba77c3d3d4d8ad15c5,evt_99b64ab9f697d4ba,Tobias Harris,NBA,31.88,35.96,22.25,0.57,7.7500,6.6600,9.4100,6.6700
$500 NBA Daily 8/17,2020-08-17T23:59:20.444542,estk_99b64ab9f697d4baf7c5bbc448149f99,evt_99b64ab9f697d4ba,Gordon Hayward,NBA,28.9,30.43,18,0.57,5.6000,5.8100,7.5200,4.3200
$500 NBA Daily 8/17,2020-08-17T23:59:20.444554,estk_99b64ab9f697d4ba63a58b55849249a4,evt_99b64ab9f697d4ba,Al Horford,NBA,27.79,26.45,14.5,0.57,4.2300,5.4700,5.2300,2.6300
$500 NBA Daily 8/17,2020-08-17T23:59:20.444579,estk_99b64ab9f697d4bab3147c681557a264,evt_99b64ab9f697d4ba,Josh Richardson,NBA,23.84,22,11.75,0.57,3.1200,4.4900,4.8200,2.0800
$500 NBA Daily 8/17,2020-08-17T23:59:20.444586,estk_99b64ab9f697d4baa9edb859d18234d0,evt_99b64ab9f697d4ba,Kemba Walker,NBA,27.97,21.53,9.5,0.57,2.9900,7.3800,4.9700,2.1800
$500 NBA Daily 8/17,2020-08-17T23:59:20.444601,estk_99b64ab9f697d4ba201a5680f9441b5c,evt_99b64ab9f697d4ba,Daniel Theis,NBA,19.63,19.69,11.25,0.57,2.6000,3.5400,4.3100,1.7500
$500 NBA Daily 8/17,2020-08-17T23:59:20.444605,estk_99b64ab9f697d4baa1e25447b314f889,evt_99b64ab9f697d4ba,Shake Milton,NBA,16.44,19.57,12.5,0.57,2.5500,2.9600,4.2500,1.1500
$500 NBA Daily 8/17,2020-08-17T23:59:20.444616,estk_99b64ab9f697d4ba92bc30f31e413420,evt_99b64ab9f697d4ba,Matisse Thybulle,NBA,13.14,16.65,11,0.57,2.0900,2.4900,4.0400,1.2500
$500 NBA Daily 8/17,2020-08-17T23:59:20.444656,estk_99b64ab9f697d4ba233a24e71677893c,evt_99b64ab9f697d4ba,Robert Williams,NBA,13.77,14.17,8.25,0.57,1.7400,2.6000,3.6300,
$500 NBA Daily 8/17,2020-08-17T23:59:20.444661,estk_99b64ab9f697d4ba575ca725abf50fd3,evt_99b64ab9f697d4ba,Alec Burks,NBA,14.24,12.62,6.5,0.57,1.5900,2.6200,,
$500 NBA Daily 8/17,2020-08-17T23:59:20.444665,estk_99b64ab9f697d4ba049fe8ca7bf97ec4,evt_99b64ab9f697d4ba,Marcus Smart,NBA,21.49,11.74,2.5,0.57,1.5100,3.9300,3.2600,
$500 NBA Daily 8/17,2020-08-17T23:59:50.796383,estk_99b64ab9f697d4ba7a763361bd2f9a08,evt_99b64ab9f697d4ba,Joel Embiid,NBA,51.78,53.25,31.5,0.58,16.4100,9.2700,18.0000,14.9800
$500 NBA Daily 8/17,2020-08-17T23:59:50.796414,estk_99b64ab9f697d4bada4bddbbc347c31f,evt_99b64ab9f697d4ba,Jayson Tatum,NBA,35.35,50.6,35.75,0.58,15.3400,9.9600,17.1500,13.3200
$500 NBA Daily 8/17,2020-08-17T23:59:50.796435,estk_99b64ab9f697d4ba4b8c495d9fa8db90,evt_99b64ab9f697d4ba,Jaylen Brown,NBA,29.04,41.95,29.75,0.58,9.6400,5.8500,11.3300,7.3800
$500 NBA Daily 8/17,2020-08-17T23:59:50.796439,estk_99b64ab9f697d4ba77c3d3d4d8ad15c5,evt_99b64ab9f697d4ba,Tobias Harris,NBA,31.88,35.64,22.25,0.58,7.7500,6.6600,9.4100,6.6700
$500 NBA Daily 8/17,2020-08-17T23:59:50.796442,estk_99b64ab9f697d4baf7c5bbc448149f99,evt_99b64ab9f697d4ba,Gordon Hayward,NBA,28.9,30.14,18,0.58,5.6000,5.8100,7.5200,4.3200
$500 NBA Daily 8/17,2020-08-17T23:59:50.796454,estk_99b64ab9f697d4ba63a58b55849249a4,evt_99b64ab9f697d4ba,Al Horford,NBA,27.79,25.67,14,0.58,4.2300,5.4700,5.8100,2.6300
$500 NBA Daily 8/17,2020-08-17T23:59:50.796479,estk_99b64ab9f697d4bab3147c681557a264,evt_99b64ab9f697d4ba,Josh Richardson,NBA,23.84,21.76,11.75,0.58,3.1200,4.4900,4.8200,2.0800
$500 NBA Daily 8/17,2020-08-17T23:59:50.796486,estk_99b64ab9f697d4baa9edb859d18234d0,evt_99b64ab9f697d4ba,Kemba Walker,NBA,27.97,22.75,11,0.58,2.9900,7.3800,4.9700,2.1800
$500 NBA Daily 8/17,2020-08-17T23:59:50.796500,estk_99b64ab9f697d4ba201a5680f9441b5c,evt_99b64ab9f697d4ba,Daniel Theis,NBA,19.63,19.49,11.25,0.58,2.6000,3.5400,4.3100,1.7500
$500 NBA Daily 8/17,2020-08-17T23:59:50.796504,estk_99b64ab9f697d4baa1e25447b314f889,evt_99b64ab9f697d4ba,Shake Milton,NBA,16.44,22.9,16,0.58,2.5500,2.9600,4.2500,1.1500
$500 NBA Daily 8/17,2020-08-17T23:59:50.796515,estk_99b64ab9f697d4ba92bc30f31e413420,evt_99b64ab9f697d4ba,Matisse Thybulle,NBA,13.14,16.52,11,0.58,2.0900,2.4900,4.0400,1.2500
$500 NBA Daily 8/17,2020-08-17T23:59:50.796519,estk_99b64ab9f697d4ba233a24e71677893c,evt_99b64ab9f697d4ba,Robert Williams,NBA,13.77,14.03,8.25,0.58,1.7400,2.6000,3.6300,
$500 NBA Daily 8/17,2020-08-17T23:59:50.796522,estk_99b64ab9f697d4ba575ca725abf50fd3,evt_99b64ab9f697d4ba,Alec Burks,NBA,14.24,12.48,6.5,0.58,1.5900,2.6200,3.1200,
$500 NBA Daily 8/17,2020-08-17T23:59:50.796526,estk_99b64ab9f697d4ba049fe8ca7bf97ec4,evt_99b64ab9f697d4ba,Marcus Smart,NBA,21.49,11.53,2.5,0.58,1.5100,3.9300,3.2600,
$500 NBA Daily 8/17,2020-08-18T00:01:52.123384,estk_99b64ab9f697d4ba7a763361bd2f9a08,evt_99b64ab9f697d4ba,Joel Embiid,NBA,51.78,53.94,33.75,0.61,17.0400,9.2700,18.8800,14.9800
$500 NBA Daily 8/17,2020-08-18T00:01:52.123416,estk_99b64ab9f697d4bada4bddbbc347c31f,evt_99b64ab9f697d4ba,Jayson Tatum,NBA,35.35,51.54,37.75,0.61,14.9300,9.9600,17.1500,13.3200
$500 NBA Daily 8/17,2020-08-18T00:01:52.123428,estk_99b64ab9f697d4ba4b8c495d9fa8db90,evt_99b64ab9f697d4ba,Jaylen Brown,NBA,29.04,39.58,28.25,0.61,10.4200,5.8500,12.1300,8.7100
$500 NBA Daily 8/17,2020-08-18T00:01:52.123435,estk_99b64ab9f697d4ba77c3d3d4d8ad15c5,evt_99b64ab9f697d4ba,Tobias Harris,NBA,31.88,34.68,22.25,0.61,7.4900,6.6600,9.4100,6.1000
$500 NBA Daily 8/17,2020-08-18T00:01:52.123439,estk_99b64ab9f697d4baf7c5bbc448149f99,evt_99b64ab9f697d4ba,Gordon Hayward,NBA,28.9,29.27,18,0.61,5.3900,5.8100,7.0000,4.3200
$500 NBA Daily 8/17,2020-08-18T00:01:52.123454,estk_99b64ab9f697d4ba63a58b55849249a4,evt_99b64ab9f697d4ba,Al Horford,NBA,27.79,24.34,13.5,0.61,4.0000,5.4700,5.8100,2.6300
$500 NBA Daily 8/17,2020-08-18T00:01:52.123469,estk_99b64ab9f697d4baa1e25447b314f889,evt_99b64ab9f697d4ba,Shake Milton,NBA,16.44,22.41,16,0.61,3.2400,2.9600,4.8000,1.1500
$500 NBA Daily 8/17,2020-08-18T00:01:52.123476,estk_99b64ab9f697d4baa9edb859d18234d0,evt_99b64ab9f697d4ba,Kemba Walker,NBA,27.97,23.41,12.5,0.61,3.2000,7.3800,4.9700,2.1800
$500 NBA Daily 8/17,2020-08-18T00:01:52.123487,estk_99b64ab9f697d4bab3147c681557a264,evt_99b64ab9f697d4ba,Josh Richardson,NBA,23.84,20.55,11.25,0.61,2.9900,4.4900,4.8200,2.0800
$500 NBA Daily 8/17,2020-08-18T00:01:52.123501,estk_99b64ab9f697d4ba201a5680f9441b5c,evt_99b64ab9f697d4ba,Daniel Theis,NBA,19.63,18.91,11.25,0.61,2.5000,3.5400,4.3100,1.6100
$500 NBA Daily 8/17,2020-08-18T00:01:52.123512,estk_99b64ab9f697d4ba92bc30f31e413420,evt_99b64ab9f697d4ba,Matisse Thybulle,NBA,13.14,16.12,11,0.61,2.0300,2.4900,4.0400,1.1700
$500 NBA Daily 8/17,2020-08-18T00:01:52.123516,estk_99b64ab9f697d4ba233a24e71677893c,evt_99b64ab9f697d4ba,Robert Williams,NBA,13.77,13.62,8.25,0.61,1.7300,2.6000,3.6300,
$500 NBA Daily 8/17,2020-08-18T00:01:52.123519,estk_99b64ab9f697d4ba575ca725abf50fd3,evt_99b64ab9f697d4ba,Alec Burks,NBA,14.24,12.05,6.5,0.61,1.5400,2.6200,3.1200,
$500 NBA Daily 8/17,2020-08-18T00:01:52.123523,estk_99b64ab9f697d4ba049fe8ca7bf97ec4,evt_99b64ab9f697d4ba,Marcus Smart,NBA,21.49,10.88,2.5,0.61,1.4700,3.9300,3.2600,
$500 NBA Daily 8/17,2020-08-18T00:06:55.535622,estk_99b64ab9f697d4ba7a763361bd2f9a08,evt_99b64ab9f697d4ba,Joel Embiid,NBA,51.78,52.93,33.25,0.62,17.0700,9.2700,18.8800,14.9800
$500 NBA Daily 8/17,2020-08-18T00:06:55.535650,estk_99b64ab9f697d4bada4bddbbc347c31f,evt_99b64ab9f697d4ba,Jayson Tatum,NBA,35.35,52.18,38.75,0.62,15.6600,9.9600,17.1500,13.3200
$500 NBA Daily 8/17,2020-08-18T00:06:55.535670,estk_99b64ab9f697d4ba4b8c495d9fa8db90,evt_99b64ab9f697d4ba,Jaylen Brown,NBA,29.04,39.29,28.25,0.62,9.3700,5.8500,11.0600,7.6800
$500 NBA Daily 8/17,2020-08-18T00:06:55.535674,estk_99b64ab9f697d4ba77c3d3d4d8ad15c5,evt_99b64ab9f697d4ba,Tobias Harris,NBA,31.88,34.36,22.25,0.62,7.2100,6.6600,8.8500,6.1000
$500 NBA Daily 8/17,2020-08-18T00:06:55.535678,estk_99b64ab9f697d4baf7c5bbc448149f99,evt_99b64ab9f697d4ba,Gordon Hayward,NBA,28.9,30.98,20,0.62,5.2000,5.8100,6.8700,4.1600
$500 NBA Daily 8/17,2020-08-18T00:06:55.535696,estk_99b64ab9f697d4ba63a58b55849249a4,evt_99b64ab9f697d4ba,Al Horford,NBA,27.79,24.06,13.5,0.62,3.6600,5.4700,5.2500,2.6300
$500 NBA Daily 8/17,2020-08-18T00:06:55.535704,estk_99b64ab9f697d4baa9edb859d18234d0,evt_99b64ab9f697d4ba,Kemba Walker,NBA,27.97,23.13,12.5,0.62,3.4100,7.3800,4.9700,2.1800
$500 NBA Daily 8/17,2020-08-18T00:06:55.535715,estk_99b64ab9f697d4baa1e25447b314f889,evt_99b64ab9f697d4ba,Shake Milton,NBA,16.44,22.25,16,0.62,3.1900,2.9600,4.8000,1.1500
$500 NBA Daily 8/17,2020-08-18T00:06:55.535732,estk_99b64ab9f697d4bab3147c681557a264,evt_99b64ab9f697d4ba,Josh Richardson,NBA,23.84,20.31,11.25,0.62,2.7300,4.4900,4.3100,1.9100
$500 NBA Daily 8/17,2020-08-18T00:06:55.535743,estk_99b64ab9f697d4ba201a5680f9441b5c,evt_99b64ab9f697d4ba,Daniel Theis,NBA,19.63,21.96,14.5,0.62,2.4100,3.5400,4.3100,1.3900
$500 NBA Daily 8/17,2020-08-18T00:06:55.535750,estk_99b64ab9f697d4ba92bc30f31e413420,evt_99b64ab9f697d4ba,Matisse Thybulle,NBA,13.14,15.99,11,0.62,1.9700,2.4900,3.5000,1.0300
$500 NBA Daily 8/17,2020-08-18T00:06:55.535754,estk_99b64ab9f697d4ba233a24e71677893c,evt_99b64ab9f697d4ba,Robert Williams,NBA,13.77,13.48,8.25,0.62,1.6500,2.6000,3.6300,
$500 NBA Daily 8/17,2020-08-18T00:06:55.535758,estk_99b64ab9f697d4ba575ca725abf50fd3,evt_99b64ab9f697d4ba,Alec Burks,NBA,14.24,11.91,6.5,0.62,1.4900,2.6200,3.1200,
$500 NBA Daily 8/17,2020-08-18T00:06:55.535762,estk_99b64ab9f697d4ba049fe8ca7bf97ec4,evt_99b64ab9f697d4ba,Marcus Smart,NBA,21.49,10.67,2.5,0.62,1.4100,3.9300,3.2600,
$500 NBA Daily 8/17,2020-08-18T00:08:56.806830,estk_99b64ab9f697d4ba7a763361bd2f9a08,evt_99b64ab9f697d4ba,Joel Embiid,NBA,51.78,51.37,33.25,0.65,16.4900,9.2700,18.3200,14.9800
$500 NBA Daily 8/17,2020-08-18T00:08:56.806860,estk_99b64ab9f697d4bada4bddbbc347c31f,evt_99b64ab9f697d4ba,Jayson Tatum,NBA,35.35,51.87,39.5,0.65,16.0300,9.9600,17.9200,14.2800
$500 NBA Daily 8/17,2020-08-18T00:08:56.806881,estk_99b64ab9f697d4ba4b8c495d9fa8db90,evt_99b64ab9f697d4ba,Jaylen Brown,NBA,29.04,38.41,28.25,0.65,9.1300,5.8500,11.0600,7.6200
$500 NBA Daily 8/17,2020-08-18T00:08:56.806884,estk_99b64ab9f697d4ba77c3d3d4d8ad15c5,evt_99b64ab9f697d4ba,Tobias Harris,NBA,31.88,40.41,29.25,0.65,8.1100,6.6600,9.7700,6.1000
$500 NBA Daily 8/17,2020-08-18T00:08:56.806888,estk_99b64ab9f697d4baf7c5bbc448149f99,evt_99b64ab9f697d4ba,Gordon Hayward,NBA,28.9,29.61,19.5,0.65,5.4700,5.8100,6.8700,4.1600
$500 NBA Daily 8/17,2020-08-18T00:08:56.806910,estk_99b64ab9f697d4ba63a58b55849249a4,evt_99b64ab9f697d4ba,Al Horford,NBA,27.79,23.23,13.5,0.65,3.5100,5.4700,5.2500,2.6300
$500 NBA Daily 8/17,2020-08-18T00:08:56.806914,estk_99b64ab9f697d4baa9edb859d18234d0,evt_99b64ab9f697d4ba,Kemba Walker,NBA,27.97,22.29,12.5,0.65,3.2900,7.3800,4.9700,2.1800
$500 NBA Daily 8/17,2020-08-18T00:08:56.806932,estk_99b64ab9f697d4baa1e25447b314f889,evt_99b64ab9f697d4ba,Shake Milton,NBA,16.44,21.75,16,0.65,3.0400,2.9600,4.8000,1.5200
$500 NBA Daily 8/17,2020-08-18T00:08:56.806935,estk_99b64ab9f697d4ba201a5680f9441b5c,evt_99b64ab9f697d4ba,Daniel Theis,NBA,19.63,21.37,14.5,0.65,2.9400,3.5400,4.3100,1.4600
$500 NBA Daily 8/17,2020-08-18T00:08:56.806946,estk_99b64ab9f697d4bab3147c681557a264,evt_99b64ab9f697d4ba,Josh Richardson,NBA,23.84,19.59,11.25,0.65,2.6100,4.4900,4.3100,1.0900
$500 NBA Daily 8/17,2020-08-18T00:08:56.806961,estk_99b64ab9f697d4ba92bc30f31e413420,evt_99b64ab9f697d4ba,Matisse Thybulle,NBA,13.14,18.35,13.75,0.65,2.3200,2.4900,3.5000,1.0300
$500 NBA Daily 8/17,2020-08-18T00:08:56.806964,estk_99b64ab9f697d4ba233a24e71677893c,evt_99b64ab9f697d4ba,Robert Williams,NBA,13.77,13.07,8.25,0.65,1.6100,2.6000,3.6300,
$500 NBA Daily 8/17,2020-08-18T00:08:56.806968,estk_99b64ab9f697d4ba575ca725abf50fd3,evt_99b64ab9f697d4ba,Alec Burks,NBA,14.24,10.98,6,0.65,1.4500,2.6200,3.1200,
$500 NBA Daily 8/17,2020-08-18T00:08:56.806972,estk_99b64ab9f697d4ba049fe8ca7bf97ec4,evt_99b64ab9f697d4ba,Marcus Smart,NBA,21.49,10.02,2.5,0.65,1.3700,3.9300,3.2600,
$500 NBA Daily 8/17,2020-08-18T00:10:58.172179,estk_99b64ab9f697d4ba7a763361bd2f9a08,evt_99b64ab9f697d4ba,Joel Embiid,NBA,51.78,52.86,35.25,0.66,15.8500,9.2700,17.5300,14.2800
$500 NBA Daily 8/17,2020-08-18T00:10:58.172211,estk_99b64ab9f697d4bada4bddbbc347c31f,evt_99b64ab9f697d4ba,Jayson Tatum,NBA,35.35,50.27,38.25,0.66,15.4400,9.9600,,14.2800
$500 NBA Daily 8/17,2020-08-18T00:10:58.172232,estk_99b64ab9f697d4ba77c3d3d4d8ad15c5,evt_99b64ab9f697d4ba,Tobias Harris,NBA,31.88,40.09,29.25,0.66,9.7500,6.6600,11.4200,8.0400
$500 NBA Daily 8/17,2020-08-18T00:10:58.172236,estk_99b64ab9f697d4ba4b8c495d9fa8db90,evt_99b64ab9f697d4ba,Jaylen Brown,NBA,29.04,38.12,28.25,0.66,8.7700,5.8500,10.3500,7.6200
$500 NBA Daily 8/17,2020-08-18T00:10:58.172239,estk_99b64ab9f697d4baf7c5bbc448149f99,evt_99b64ab9f697d4ba,Gordon Hayward,NBA,28.9,32.83,23,0.66,5.2000,5.8100,6.8700,4.1600
$500 NBA Daily 8/17,2020-08-18T00:10:58.172265,estk_99b64ab9f697d4ba63a58b55849249a4,evt_99b64ab9f697d4ba,Al Horford,NBA,27.79,22.95,13.5,0.66,3.3000,5.4700,5.2500,2.4200
$500 NBA Daily 8/17,2020-08-18T00:10:58.172279,estk_99b64ab9f697d4baa9edb859d18234d0,evt_99b64ab9f697d4ba,Kemba Walker,NBA,27.97,22.01,12.5,0.66,3.0700,7.3800,4.9700,2.1800
$500 NBA Daily 8/17,2020-08-18T00:10:58.172283,estk_99b64ab9f697d4baa1e25447b314f889,evt_99b64ab9f697d4ba,Shake Milton,NBA,16.44,23.59,18,0.66,2.9500,2.9600,4.8000,1.5200
$500 NBA Daily 8/17,2020-08-18T00:10:58.172293,estk_99b64ab9f697d4ba201a5680f9441b5c,evt_99b64ab9f697d4ba,Daniel Theis,NBA,19.63,22.17,15.5,0.66,2.8500,3.5400,4.3100,1.4600
$500 NBA Daily 8/17,2020-08-18T00:10:58.172301,estk_99b64ab9f697d4bab3147c681557a264,evt_99b64ab9f697d4ba,Josh Richardson,NBA,23.84,19.36,11.25,0.66,2.5000,4.4900,4.3100,1.0900
$500 NBA Daily 8/17,2020-08-18T00:10:58.172312,estk_99b64ab9f697d4ba92bc30f31e413420,evt_99b64ab9f697d4ba,Matisse Thybulle,NBA,13.14,18.22,13.75,0.66,2.2200,2.4900,3.5000,1.0300
$500 NBA Daily 8/17,2020-08-18T00:10:58.172316,estk_99b64ab9f697d4ba233a24e71677893c,evt_99b64ab9f697d4ba,Robert Williams,NBA,13.77,12.93,8.25,0.66,1.5400,2.6000,3.0800,
$500 NBA Daily 8/17,2020-08-18T00:10:58.172319,estk_99b64ab9f697d4ba575ca725abf50fd3,evt_99b64ab9f697d4ba,Alec Burks,NBA,14.24,13.59,8.75,0.66,1.3700,2.6200,3.1200,
$500 NBA Daily 8/17,2020-08-18T00:10:58.172323,estk_99b64ab9f697d4ba049fe8ca7bf97ec4,evt_99b64ab9f697d4ba,Marcus Smart,NBA,21.49,9.81,2.5,0.66,1.3100,3.9300,3.2600,
$500 NBA Daily 8/17,2020-08-18T00:12:29.226643,estk_99b64ab9f697d4ba7a763361bd2f9a08,evt_99b64ab9f697d4ba,Joel Embiid,NBA,51.78,51.82,35.25,0.68,16.2500,9.2700,18.4300,14.4300
$500 NBA Daily 8/17,2020-08-18T00:12:29.226677,estk_99b64ab9f697d4bada4bddbbc347c31f,evt_99b64ab9f697d4ba,Jayson Tatum,NBA,35.35,49.56,38.25,0.68,14.7500,9.9600,16.5500,8.8300
$500 NBA Daily 8/17,2020-08-18T00:12:29.226689,estk_99b64ab9f697d4ba77c3d3d4d8ad15c5,evt_99b64ab9f697d4ba,Tobias Harris,NBA,31.88,41.95,31.75,0.68,10.5400,6.6600,12.2500,8.8300
$500 NBA Daily 8/17,2020-08-18T00:12:29.226696,estk_99b64ab9f697d4ba4b8c495d9fa8db90,evt_99b64ab9f697d4ba,Jaylen Brown,NBA,29.04,37.04,27.75,0.68,8.1300,5.8500,9.7900,7.0100
$500 NBA Daily 8/17,2020-08-18T00:12:29.226700,estk_99b64ab9f697d4baf7c5bbc448149f99,evt_99b64ab9f697d4ba,Gordon Hayward,NBA,28.9,32.25,23,0.68,6.0800,5.8100,7.8800,7.3800
$500 NBA Daily 8/17,2020-08-18T00:12:29.226725,estk_99b64ab9f697d4ba201a5680f9441b5c,evt_99b64ab9f697d4ba,Daniel Theis,NBA,19.63,23.28,17,0.68,3.2200,3.5400,4.3100,3.8100
$500 NBA Daily 8/17,2020-08-18T00:12:29.226740,estk_99b64ab9f697d4baa1e25447b314f889,evt_99b64ab9f697d4ba,Shake Milton,NBA,16.44,22.76,17.5,0.68,3.0900,2.9600,4.8000,4.3000
$500 NBA Daily 8/17,2020-08-18T00:12:29.226744,estk_99b64ab9f697d4ba63a58b55849249a4,evt_99b64ab9f697d4ba,Al Horford,NBA,27.79,22.39,13.5,0.68,3.0100,5.4700,4.6700,4.1700
$500 NBA Daily 8/17,2020-08-18T00:12:29.226755,estk_99b64ab9f697d4baa9edb859d18234d0,evt_99b64ab9f697d4ba,Kemba Walker,NBA,27.97,21.45,12.5,0.68,2.7700,7.3800,4.9700,4.4700
$500 NBA Daily 8/17,2020-08-18T00:12:29.226770,estk_99b64ab9f697d4bab3147c681557a264,evt_99b64ab9f697d4ba,Josh Richardson,NBA,23.84,18.88,11.25,0.68,2.2400,4.4900,4.3100,3.8100
$500 NBA Daily 8/17,2020-08-18T00:12:29.226773,estk_99b64ab9f697d4ba92bc30f31e413420,evt_99b64ab9f697d4ba,Matisse Thybulle,NBA,13.14,17.95,13.75,0.68,2.0900,2.4900,3.5000,3.0000
$500 NBA Daily 8/17,2020-08-18T00:12:29.226777,estk_99b64ab9f697d4ba575ca725abf50fd3,evt_99b64ab9f697d4ba,Alec Burks,NBA,14.24,16.56,12,0.68,1.9100,2.6200,3.1200,2.6200
$500 NBA Daily 8/17,2020-08-18T00:12:29.226781,estk_99b64ab9f697d4ba233a24e71677893c,evt_99b64ab9f697d4ba,Robert Williams,NBA,13.77,12.66,8.25,0.68,1.4400,2.6000,3.0800,2.5800
$500 NBA Daily 8/17,2020-08-18T00:12:29.226784,estk_99b64ab9f697d4ba049fe8ca7bf97ec4,evt_99b64ab9f697d4ba,Marcus Smart,NBA,21.49,9.38,2.5,0.68,1.2300,3.9300,3.2600,2.7600
$500 NBA Daily 8/17,2020-08-18T00:14:30.619556,estk_99b64ab9f697d4ba7a763361bd2f9a08,evt_99b64ab9f697d4ba,Joel Embiid,NBA,51.78,51.3,35.25,0.69,16.0500,9.2700,17.8700,14.4300
$500 NBA Daily 8/17,2020-08-18T00:14:30.619595,estk_99b64ab9f697d4bada4bddbbc347c31f,evt_99b64ab9f697d4ba,Jayson Tatum,NBA,35.35,49.21,38.25,0.69,14.8300,9.9600,16.5500,13.0900
$500 NBA Daily 8/17,2020-08-18T00:14:30.619611,estk_99b64ab9f697d4ba77c3d3d4d8ad15c5,evt_99b64ab9f697d4ba,Tobias Harris,NBA,31.88,40.38,30.5,0.69,9.8300,6.6600,11.5300,8.8300
$500 NBA Daily 8/17,2020-08-18T00:14:30.619615,estk_99b64ab9f697d4ba4b8c495d9fa8db90,evt_99b64ab9f697d4ba,Jaylen Brown,NBA,29.04,36.75,27.75,0.69,8.0500,5.8500,9.7900,7.0100
$500 NBA Daily 8/17,2020-08-18T00:14:30.619618,estk_99b64ab9f697d4baf7c5bbc448149f99,evt_99b64ab9f697d4ba,Gordon Hayward,NBA,28.9,31.46,22.5,0.69,5.8200,5.8100,7.8800,4.6300
$500 NBA Daily 8/17,2020-08-18T00:14:30.619644,estk_99b64ab9f697d4ba201a5680f9441b5c,evt_99b64ab9f697d4ba,Daniel Theis,NBA,19.63,23.09,17,0.69,3.2100,3.5400,4.3100,1.6600
$500 NBA Daily 8/17,2020-08-18T00:14:30.619659,estk_99b64ab9f697d4baa1e25447b314f889,evt_99b64ab9f697d4ba,Shake Milton,NBA,16.44,22.6,17.5,0.69,3.0500,2.9600,4.8000,1.5300
$500 NBA Daily 8/17,2020-08-18T00:14:30.619663,estk_99b64ab9f697d4ba63a58b55849249a4,evt_99b64ab9f697d4ba,Al Horford,NBA,27.79,22.11,13.5,0.69,2.9500,5.4700,4.6700,2.0300
$500 NBA Daily 8/17,2020-08-18T00:14:30.619674,estk_99b64ab9f697d4baa9edb859d18234d0,evt_99b64ab9f697d4ba,Kemba Walker,NBA,27.97,21.17,12.5,0.69,2.7300,7.3800,4.3300,1.9100
$500 NBA Daily 8/17,2020-08-18T00:14:30.619688,estk_99b64ab9f697d4bab3147c681557a264,evt_99b64ab9f697d4ba,Josh Richardson,NBA,23.84,18.64,11.25,0.69,2.2200,4.4900,3.7800,1.0900
$500 NBA Daily 8/17,2020-08-18T00:14:30.619692,estk_99b64ab9f697d4ba92bc30f31e413420,evt_99b64ab9f697d4ba,Matisse Thybulle,NBA,13.14,17.82,13.75,0.69,2.0700,2.4900,3.5000,1.0300
$500 NBA Daily 8/17,2020-08-18T00:14:30.619696,estk_99b64ab9f697d4ba575ca725abf50fd3,evt_99b64ab9f697d4ba,Alec Burks,NBA,14.24,17.66,13.25,0.69,2.0400,2.6200,3.1200,
$500 NBA Daily 8/17,2020-08-18T00:14:30.619700,estk_99b64ab9f697d4ba233a24e71677893c,evt_99b64ab9f697d4ba,Robert Williams,NBA,13.77,12.52,8.25,0.69,1.4400,2.6000,3.0800,
$500 NBA Daily 8/17,2020-08-18T00:14:30.619703,estk_99b64ab9f697d4ba049fe8ca7bf97ec4,evt_99b64ab9f697d4ba,Marcus Smart,NBA,21.49,9.16,2.5,0.69,1.2100,3.9300,2.7400,
$500 NBA Daily 8/17,2020-08-18T00:17:32.703418,estk_99b64ab9f697d4ba7a763361bd2f9a08,evt_99b64ab9f697d4ba,Joel Embiid,NBA,51.78,50.27,35.25,0.71,16.0600,9.2700,17.8700,14.4300
$500 NBA Daily 8/17,2020-08-18T00:17:32.703454,estk_99b64ab9f697d4bada4bddbbc347c31f,evt_99b64ab9f697d4ba,Jayson Tatum,NBA,35.35,48.5,38.25,0.71,14.7900,9.9600,16.5500,13.0900
$500 NBA Daily 8/17,2020-08-18T00:17:32.703469,estk_99b64ab9f697d4ba77c3d3d4d8ad15c5,evt_99b64ab9f697d4ba,Tobias Harris,NBA,31.88,39.75,30.5,0.71,9.8400,6.6600,11.5300,8.8300
$500 NBA Daily 8/17,2020-08-18T00:17:32.703473,estk_99b64ab9f697d4ba4b8c495d9fa8db90,evt_99b64ab9f697d4ba,Jaylen Brown,NBA,29.04,36.17,27.75,0.71,8.0700,5.8500,9.7900,7.0100
$500 NBA Daily 8/17,2020-08-18T00:17:32.703477,estk_99b64ab9f697d4baf7c5bbc448149f99,evt_99b64ab9f697d4ba,Gordon Hayward,NBA,28.9,30.88,22.5,0.71,5.8400,5.8100,7.8800,4.6300
$500 NBA Daily 8/17,2020-08-18T00:17:32.703506,estk_99b64ab9f697d4ba201a5680f9441b5c,evt_99b64ab9f697d4ba,Daniel Theis,NBA,19.63,22.69,17,0.71,3.1700,3.5400,4.3100,1.6600
$500 NBA Daily 8/17,2020-08-18T00:17:32.703517,estk_99b64ab9f697d4baa1e25447b314f889,evt_99b64ab9f697d4ba,Shake Milton,NBA,16.44,22.27,17.5,0.71,3.0300,2.9600,4.8000,1.5300
$500 NBA Daily 8/17,2020-08-18T00:17:32.703521,estk_99b64ab9f697d4ba63a58b55849249a4,evt_99b64ab9f697d4ba,Al Horford,NBA,27.79,26.31,18.25,0.71,2.9300,5.4700,4.6700,2.0300
$500 NBA Daily 8/17,2020-08-18T00:17:32.703532,estk_99b64ab9f697d4baa9edb859d18234d0,evt_99b64ab9f697d4ba,Kemba Walker,NBA,27.97,20.11,12,0.71,2.7300,7.3800,4.3300,1.9100
$500 NBA Daily 8/17,2020-08-18T00:17:32.703546,estk_99b64ab9f697d4bab3147c681557a264,evt_99b64ab9f697d4ba,Josh Richardson,NBA,23.84,21.66,14.75,0.71,2.2000,4.4900,3.7800,1.0900
$500 NBA Daily 8/17,2020-08-18T00:17:32.703550,estk_99b64ab9f697d4ba92bc30f31e413420,evt_99b64ab9f697d4ba,Matisse Thybulle,NBA,13.14,16.06,12.25,0.71,2.0900,2.4900,3.5000,1.0300
$500 NBA Daily 8/17,2020-08-18T00:17:32.703554,estk_99b64ab9f697d4ba575ca725abf50fd3,evt_99b64ab9f697d4ba,Alec Burks,NBA,14.24,17.38,13.25,0.71,2.0800,2.6200,3.6200,
$500 NBA Daily 8/17,2020-08-18T00:17:32.703558,estk_99b64ab9f697d4ba233a24e71677893c,evt_99b64ab9f697d4ba,Robert Williams,NBA,13.77,12.24,8.25,0.71,1.4500,2.6000,3.0800,
$500 NBA Daily 8/17,2020-08-18T00:17:32.703561,estk_99b64ab9f697d4ba049fe8ca7bf97ec4,evt_99b64ab9f697d4ba,Marcus Smart,NBA,21.49,8.73,2.5,0.71,1.2200,3.9300,2.7400,
$500 NBA Daily 8/17,2020-08-18T00:20:34.938729,estk_99b64ab9f697d4ba7a763361bd2f9a08,evt_99b64ab9f697d4ba,Joel Embiid,NBA,51.78,48.71,35.25,0.74,15.7300,9.2700,17.8700,14.4300
$500 NBA Daily 8/17,2020-08-18T00:20:34.938765,estk_99b64ab9f697d4bada4bddbbc347c31f,evt_99b64ab9f697d4ba,Jayson Tatum,NBA,35.35,47.44,38.25,0.74,14.5600,9.9600,16.3500,13.0900
$500 NBA Daily 8/17,2020-08-18T00:20:34.938781,estk_99b64ab9f697d4ba77c3d3d4d8ad15c5,evt_99b64ab9f697d4ba,Tobias Harris,NBA,31.88,40.04,31.75,0.74,9.6200,6.6600,11.5300,7.8600
