name,time,id,event_id,stock_name,sector,fantasy_points_projected,fantasy_points_projected_live,fantasy_points_scored,amount_completed,estimated_price,last_price,ask_price,bid_price
$500 NBA Daily 8/10,2020-08-10T14:23:03.460555,estk_74a9899ddbed77c16cb399d24c249554,evt_74a9899ddbed77c1,Nikola Jokic,NBA,46.56,,,,13.4600,3.0700,,
$500 NBA Daily 8/10,2020-08-10T14:23:03.460584,estk_74a9899ddbed77c112d0c14aa5dfd232,evt_74a9899ddbed77c1,Giannis Antetokounmpo,NBA,44.19,,,,12.4400,2.7100,,
$500 NBA Daily 8/10,2020-08-10T14:23:03.460589,estk_74a9899ddbed77c19af7d442f918404f,evt_74a9899ddbed77c1,Anthony Davis,NBA,41.41,,,,11.0700,2.5300,,
$500 NBA Daily 8/10,2020-08-10T14:23:03.460593,estk_74a9899ddbed77c17c131e7cfd4ca8ad,evt_74a9899ddbed77c1,Pascal Siakam,NBA,37.12,,,,9.0700,2.2500,,
$500 NBA Daily 8/10,2020-08-10T14:23:03.460597,estk_74a9899ddbed77c1cd439276c8d11f5d,evt_74a9899ddbed77c1,Fred VanVleet,NBA,35.85,,,,8.5500,2.0600,,
$500 NBA Daily 8/10,2020-08-10T14:23:03.460601,estk_74a9899ddbed77c1cc28fb3568e3a1d6,evt_74a9899ddbed77c1,Kyle Lowry,NBA,33.78,,,,7.7900,2.0400,,
$500 NBA Daily 8/10,2020-08-10T14:23:03.460605,estk_74a9899ddbed77c17606efecc2a97236,evt_74a9899ddbed77c1,Bam Adebayo,NBA,31.86,,,,6.9600,2.0000,,
$500 NBA Daily 8/10,2020-08-10T14:23:03.460609,estk_74a9899ddbed77c15a3e191272ee8dca,evt_74a9899ddbed77c1,Malcolm Brogdon,NBA,30.57,,,,6.6400,1.8900,,
$500 NBA Daily 8/10,2020-08-10T14:23:03.460612,estk_74a9899ddbed77c1f2604b3c6ec43ff2,evt_74a9899ddbed77c1,Khris Middleton,NBA,30.35,,,,6.4900,1.8800,,
$500 NBA Daily 8/10,2020-08-10T14:23:03.460616,estk_74a9899ddbed77c193b3dc565aebb459,evt_74a9899ddbed77c1,Michael Porter,NBA,29.89,,,,6.4600,1.8400,,
$500 NBA Daily 8/10,2020-08-10T14:23:03.460651,estk_74a9899ddbed77c1ea1a2c64334f4806,evt_74a9899ddbed77c1,Jimmy Butler,NBA,30.01,,,,6.4500,1.8600,,
$500 NBA Daily 8/10,2020-08-10T14:23:03.460656,estk_74a9899ddbed77c1b40c5173490adb44,evt_74a9899ddbed77c1,T.J. Warren,NBA,28.2,,,,5.8400,1.7700,,
$500 NBA Daily 8/10,2020-08-10T14:23:03.460660,estk_74a9899ddbed77c19eac5cb53b05ad1f,evt_74a9899ddbed77c1,Myles Turner,NBA,27.29,,,,5.5200,1.7300,,
$500 NBA Daily 8/10,2020-08-10T14:23:03.460663,estk_74a9899ddbed77c1d846b1bc06a60007,evt_74a9899ddbed77c1,Marc Gasol,NBA,25.93,,,,5.1200,1.6700,,
$500 NBA Daily 8/10,2020-08-10T14:23:03.460667,estk_74a9899ddbed77c104749763bd15faac,evt_74a9899ddbed77c1,Eric Bledsoe,NBA,25.21,,,,4.8800,1.6300,,
$500 NBA Daily 8/10,2020-08-10T14:23:03.460671,estk_74a9899ddbed77c19c697d220453d606,evt_74a9899ddbed77c1,Goran Dragic,NBA,23.31,,,,4.3900,1.5700,,
$500 NBA Daily 8/10,2020-08-10T14:23:03.460674,estk_74a9899ddbed77c19aaf7bc2e8816fac,evt_74a9899ddbed77c1,Victor Oladipo,NBA,23.34,,,,4.3500,1.5600,,
$500 NBA Daily 8/10,2020-08-10T14:23:03.460678,estk_74a9899ddbed77c1bafbe32a6db92c15,evt_74a9899ddbed77c1,Aaron Holiday,NBA,22.51,,,,4.1900,1.5400,,
$500 NBA Daily 8/10,2020-08-10T14:23:03.460682,estk_74a9899ddbed77c1806121a64c461e99,evt_74a9899ddbed77c1,Brook Lopez,NBA,22.42,,,,4.1600,1.5500,,
$500 NBA Daily 8/10,2020-08-10T14:23:03.460685,estk_74a9899ddbed77c15cdd05960889fa04,evt_74a9899ddbed77c1,Serge Ibaka,NBA,22.24,,,,4.0900,1.5300,,
$500 NBA Daily 8/10,2020-08-10T14:23:03.460689,estk_74a9899ddbed77c182db34a5ef5dff8e,evt_74a9899ddbed77c1,OG Anunoby,NBA,21.67,,,,3.9400,1.5100,,
$500 NBA Daily 8/10,2020-08-10T14:23:03.460693,estk_74a9899ddbed77c1917294b6d366ae0e,evt_74a9899ddbed77c1,Jae Crowder,NBA,21,,,,3.8300,1.4900,,
$500 NBA Daily 8/10,2020-08-10T14:23:03.460698,estk_74a9899ddbed77c10483c685aa422392,evt_74a9899ddbed77c1,Kelly Olynyk,NBA,20.19,,,,3.6300,1.4700,,
$500 NBA Daily 8/10,2020-08-10T14:23:03.460702,estk_74a9899ddbed77c138c0f853b03a1530,evt_74a9899ddbed77c1,Monte Morris,NBA,19.78,,,,3.5100,1.4600,,
$500 NBA Daily 8/10,2020-08-10T14:23:03.460705,estk_74a9899ddbed77c185a44053bbc1d56e,evt_74a9899ddbed77c1,Torrey Craig,NBA,19.58,,,,3.5100,1.4500,,
$500 NBA Daily 8/10,2020-08-10T14:23:03.460709,estk_74a9899ddbed77c19076cef21a11902c,evt_74a9899ddbed77c1,Donte DiVincenzo,NBA,19.66,,,,3.5000,1.4600,,
$500 NBA Daily 8/10,2020-08-10T14:23:03.460713,estk_74a9899ddbed77c1ebfb1a44ae619e2e,evt_74a9899ddbed77c1,Kyle Kuzma,NBA,19.35,,,,3.4900,1.4500,,
$500 NBA Daily 8/10,2020-08-10T14:23:03.460716,estk_74a9899ddbed77c15f7238ac84504d30,evt_74a9899ddbed77c1,Jerami Grant,NBA,18.4,,,,3.2800,1.4200,,
$500 NBA Daily 8/10,2020-08-10T14:23:03.460720,estk_74a9899ddbed77c1d4dffde4be5e9336,evt_74a9899ddbed77c1,Jamal Murray,NBA,18.05,,,,3.2200,1.4100,,
$500 NBA Daily 8/10,2020-08-10T14:23:03.460727,estk_74a9899ddbed77c16de03cb5c6424ccc,evt_74a9899ddbed77c1,Norman Powell,NBA,17.66,,,,3.1200,1.4100,,
$500 NBA Daily 8/10,2020-08-10T14:23:03.460731,estk_74a9899ddbed77c1285e01337ca27864,evt_74a9899ddbed77c1,Justin Holiday,NBA,17.31,,,,3.0400,1.3900,,
$500 NBA Daily 8/10,2020-08-10T14:23:03.460734,estk_74a9899ddbed77c1828daf68b6f4025d,evt_74a9899ddbed77c1,George Hill,NBA,16.93,,,,3.0000,1.3900,,
$500 NBA Daily 8/10,2020-08-10T14:23:03.460738,estk_74a9899ddbed77c142bc562558c2576c,evt_74a9899ddbed77c1,Duncan Robinson,NBA,16.86,,,,2.9800,1.3900,,
$500 NBA Daily 8/10,2020-08-10T14:23:03.460744,estk_74a9899ddbed77c1a8ff2d0160121c76,evt_74a9899ddbed77c1,Dwight Howard,NBA,16.75,,,,2.9700,1.3700,,
$500 NBA Daily 8/10,2020-08-10T14:23:03.460748,estk_74a9899ddbed77c1cc5df41068f20fef,evt_74a9899ddbed77c1,Alex Caruso,NBA,16.34,,,,2.8800,1.3600,,
$500 NBA Daily 8/10,2020-08-10T14:23:03.460751,estk_74a9899ddbed77c18097f00ce37705fe,evt_74a9899ddbed77c1,Marvin Williams,NBA,15.95,,,,2.8100,1.3500,,
$500 NBA Daily 8/10,2020-08-10T14:23:03.460758,estk_74a9899ddbed77c11fb136f015ee25f6,evt_74a9899ddbed77c1,Tyler Herro,NBA,15.41,,,,2.7400,1.3500,,
$500 NBA Daily 8/10,2020-08-10T14:23:03.460761,estk_74a9899ddbed77c1f16014e0a040fe5b,evt_74a9899ddbed77c1,Wesley Matthews,NBA,15.16,,,,2.6800,1.3500,,
$500 NBA Daily 8/10,2020-08-10T14:23:03.460765,estk_74a9899ddbed77c160935204130384bb,evt_74a9899ddbed77c1,Mason Plumlee,NBA,14.96,,,,2.6700,1.3400,,
$500 NBA Daily 8/10,2020-08-10T14:23:03.460768,estk_74a9899ddbed77c1c7f79998d02ebada,evt_74a9899ddbed77c1,Danny Green,NBA,14.52,,,,2.5900,1.3200,,
$500 NBA Daily 8/10,2020-08-10T14:23:03.460772,estk_74a9899ddbed77c1b349a48e189ba3d0,evt_74a9899ddbed77c1,Pat Connaughton,NBA,13.85,,,,2.4700,1.3100,,
$500 NBA Daily 8/10,2020-08-10T14:23:03.460775,estk_74a9899ddbed77c1509298b2fe7937b1,evt_74a9899ddbed77c1,Dion Waiters,NBA,13.69,,,,2.4600,1.3200,,
$500 NBA Daily 8/10,2020-08-10T14:23:03.460779,estk_74a9899ddbed77c1c3a200d16d9a3fa2,evt_74a9899ddbed77c1,JaVale McGee,NBA,13.6,,,,2.4600,1.3000,,
$500 NBA Daily 8/10,2020-08-10T14:23:03.460784,estk_74a9899ddbed77c135ed64706e8d26f8,evt_74a9899ddbed77c1,JaKarr Sampson,NBA,13.1,,,,2.4100,1.3000,,
$500 NBA Daily 8/10,2020-08-10T14:23:03.460787,estk_74a9899ddbed77c181cf003a81460da1,evt_74a9899ddbed77c1,Markieff Morris,NBA,5.84,,,,1.6500,1.1800,,
$500 NBA Daily 8/10,2020-08-10T14:23:03.460791,estk_74a9899ddbed77c1ac0dc8b95f28dcf7,evt_74a9899ddbed77c1,Bol Bol,NBA,3.61,,,,1.4700,1.1500,,
$500 NBA Daily 8/10,2020-08-10T14:23:03.460794,estk_74a9899ddbed77c18a71a91ff40db789,evt_74a9899ddbed77c1,Kendrick Nunn,NBA,0,,,,1.0000,1.0000,,
$500 NBA Daily 8/10,2020-08-10T14:23:03.460798,estk_74a9899ddbed77c1f2b631af853210c3,evt_74a9899ddbed77c1,Kentavious Caldwell-Pope,NBA,0,,,,1.0000,1.0000,,
$500 NBA Daily 8/10,2020-08-10T20:59:42.010747,estk_74a9899ddbed77c16cb399d24c249554,evt_74a9899ddbed77c1,Nikola Jokic,NBA,46.56,46.56,0,0,15.0000,13.4700,16.8000,
$500 NBA Daily 8/10,2020-08-10T20:59:42.010780,estk_74a9899ddbed77c19af7d442f918404f,evt_74a9899ddbed77c1,Anthony Davis,NBA,41.41,41.41,0,0,12.0100,11.2300,13.7500,
$500 NBA Daily 8/10,2020-08-10T20:59:42.010785,estk_74a9899ddbed77c17c131e7cfd4ca8ad,evt_74a9899ddbed77c1,Pascal Siakam,NBA,36.09,36.09,0,0,9.4800,9.2800,11.1700,
$500 NBA Daily 8/10,2020-08-10T20:59:42.010790,estk_74a9899ddbed77c1cc28fb3568e3a1d6,evt_74a9899ddbed77c1,Kyle Lowry,NBA,34.74,34.74,0,0,8.7900,8.2100,10.4700,
$500 NBA Daily 8/10,2020-08-10T20:59:42.010794,estk_74a9899ddbed77c1cd439276c8d11f5d,evt_74a9899ddbed77c1,Fred VanVleet,NBA,33.91,33.91,0,0,8.4400,7.9200,10.1100,
$500 NBA Daily 8/10,2020-08-10T20:59:42.010799,estk_74a9899ddbed77c1f2604b3c6ec43ff2,evt_74a9899ddbed77c1,Khris Middleton,NBA,33.4,33.4,0,0,8.1600,8.0500,9.8200,
$500 NBA Daily 8/10,2020-08-10T20:59:42.010803,estk_74a9899ddbed77c193b3dc565aebb459,evt_74a9899ddbed77c1,Michael Porter,NBA,32.7,32.7,0,0,7.9100,7.6100,9.5700,
$500 NBA Daily 8/10,2020-08-10T20:59:42.010807,estk_74a9899ddbed77c15a3e191272ee8dca,evt_74a9899ddbed77c1,Malcolm Brogdon,NBA,32.41,32.41,0,0,7.7700,7.5600,9.4300,
$500 NBA Daily 8/10,2020-08-10T20:59:42.010811,estk_74a9899ddbed77c1ea1a2c64334f4806,evt_74a9899ddbed77c1,Jimmy Butler,NBA,30.95,30.95,0,0,7.2100,6.8900,8.8500,
$500 NBA Daily 8/10,2020-08-10T20:59:42.010815,estk_74a9899ddbed77c17606efecc2a97236,evt_74a9899ddbed77c1,Bam Adebayo,NBA,30.87,30.87,0,0,7.0900,6.8900,8.7300,
$500 NBA Daily 8/10,2020-08-10T20:59:42.010820,estk_74a9899ddbed77c1d4dffde4be5e9336,evt_74a9899ddbed77c1,Jamal Murray,NBA,30.7,30.7,0,0,7.0900,6.8000,8.7300,
$500 NBA Daily 8/10,2020-08-10T20:59:42.010824,estk_74a9899ddbed77c104749763bd15faac,evt_74a9899ddbed77c1,Eric Bledsoe,NBA,29.23,29.23,0,0,6.4600,6.1800,8.0900,
$500 NBA Daily 8/10,2020-08-10T20:59:42.010828,estk_74a9899ddbed77c1b40c5173490adb44,evt_74a9899ddbed77c1,T.J. Warren,NBA,28.2,28.2,0,0,6.0900,5.8100,7.7100,
$500 NBA Daily 8/10,2020-08-10T20:59:42.010832,estk_74a9899ddbed77c1806121a64c461e99,evt_74a9899ddbed77c1,Brook Lopez,NBA,27.4,27.4,0,0,5.7600,5.5000,7.3800,
$500 NBA Daily 8/10,2020-08-10T20:59:42.010836,estk_74a9899ddbed77c19eac5cb53b05ad1f,evt_74a9899ddbed77c1,Myles Turner,NBA,26.43,26.43,0,0,5.4100,5.2400,7.0200,
$500 NBA Daily 8/10,2020-08-10T20:59:42.010840,estk_74a9899ddbed77c1bafbe32a6db92c15,evt_74a9899ddbed77c1,Aaron Holiday,NBA,24.84,24.84,0,0,4.9100,4.8000,6.5100,
$500 NBA Daily 8/10,2020-08-10T20:59:42.010844,estk_74a9899ddbed77c19aaf7bc2e8816fac,evt_74a9899ddbed77c1,Victor Oladipo,NBA,24.09,24.09,0,0,4.7300,4.5900,6.3200,
$500 NBA Daily 8/10,2020-08-10T20:59:42.010848,estk_74a9899ddbed77c19c697d220453d606,evt_74a9899ddbed77c1,Goran Dragic,NBA,23.31,23.31,0,0,4.4500,4.3900,6.0400,
$500 NBA Daily 8/10,2020-08-10T20:59:42.010852,estk_74a9899ddbed77c1d846b1bc06a60007,evt_74a9899ddbed77c1,Marc Gasol,NBA,22.82,22.82,0,0,4.3200,4.2500,5.9100,
$500 NBA Daily 8/10,2020-08-10T20:59:42.010856,estk_74a9899ddbed77c10483c685aa422392,evt_74a9899ddbed77c1,Kelly Olynyk,NBA,22.63,22.63,0,0,4.2700,4.2000,5.8600,
$500 NBA Daily 8/10,2020-08-10T20:59:42.010860,estk_74a9899ddbed77c182db34a5ef5dff8e,evt_74a9899ddbed77c1,OG Anunoby,NBA,20.99,20.99,0,0,3.8200,3.8300,5.4000,
$500 NBA Daily 8/10,2020-08-10T20:59:42.010864,estk_74a9899ddbed77c138c0f853b03a1530,evt_74a9899ddbed77c1,Monte Morris,NBA,20.51,20.51,0,0,3.7200,3.7000,5.2900,
$500 NBA Daily 8/10,2020-08-10T20:59:42.010868,estk_74a9899ddbed77c1a8ff2d0160121c76,evt_74a9899ddbed77c1,Dwight Howard,NBA,19.72,19.72,0,0,3.5100,3.5200,5.0800,
$500 NBA Daily 8/10,2020-08-10T20:59:42.010873,estk_74a9899ddbed77c16de03cb5c6424ccc,evt_74a9899ddbed77c1,Norman Powell,NBA,19.77,19.77,0,0,3.5000,3.5500,5.0700,
$500 NBA Daily 8/10,2020-08-10T20:59:42.010877,estk_74a9899ddbed77c185a44053bbc1d56e,evt_74a9899ddbed77c1,Torrey Craig,NBA,18.98,18.98,0,0,3.4100,3.3800,4.9800,
$500 NBA Daily 8/10,2020-08-10T20:59:42.010880,estk_74a9899ddbed77c18097f00ce37705fe,evt_74a9899ddbed77c1,Marvin Williams,NBA,18.86,18.86,0,0,3.3400,3.3300,4.9100,
$500 NBA Daily 8/10,2020-08-10T20:59:42.010885,estk_74a9899ddbed77c1ebfb1a44ae619e2e,evt_74a9899ddbed77c1,Kyle Kuzma,NBA,18.64,18.64,0,0,3.2900,3.3300,4.8600,
$500 NBA Daily 8/10,2020-08-10T20:59:42.010889,estk_74a9899ddbed77c1828daf68b6f4025d,evt_74a9899ddbed77c1,George Hill,NBA,18.63,18.63,0,0,3.2600,3.2900,4.8300,
$500 NBA Daily 8/10,2020-08-10T20:59:42.010892,estk_74a9899ddbed77c1cc5df41068f20fef,evt_74a9899ddbed77c1,Alex Caruso,NBA,18.56,18.56,0,0,3.2100,3.2600,4.7700,
$500 NBA Daily 8/10,2020-08-10T20:59:42.010896,estk_74a9899ddbed77c1917294b6d366ae0e,evt_74a9899ddbed77c1,Jae Crowder,NBA,18.19,18.19,0,0,3.2100,3.1900,4.7700,
$500 NBA Daily 8/10,2020-08-10T20:59:42.010900,estk_74a9899ddbed77c19076cef21a11902c,evt_74a9899ddbed77c1,Donte DiVincenzo,NBA,17.94,17.94,0,0,3.1400,3.1600,4.7000,
$500 NBA Daily 8/10,2020-08-10T20:59:42.010903,estk_74a9899ddbed77c1b349a48e189ba3d0,evt_74a9899ddbed77c1,Pat Connaughton,NBA,16.92,16.92,0,0,2.9300,3.0000,4.4900,
$500 NBA Daily 8/10,2020-08-10T20:59:42.010907,estk_74a9899ddbed77c160935204130384bb,evt_74a9899ddbed77c1,Mason Plumlee,NBA,16.95,16.95,0,0,2.9200,2.9800,4.4800,
$500 NBA Daily 8/10,2020-08-10T20:59:42.010911,estk_74a9899ddbed77c142bc562558c2576c,evt_74a9899ddbed77c1,Duncan Robinson,NBA,16.86,16.86,0,0,2.9100,2.9600,4.4700,
$500 NBA Daily 8/10,2020-08-10T20:59:42.010915,estk_74a9899ddbed77c1f16014e0a040fe5b,evt_74a9899ddbed77c1,Wesley Matthews,NBA,15.77,15.77,0,0,2.6700,2.7800,4.2200,
$500 NBA Daily 8/10,2020-08-10T20:59:42.010918,estk_74a9899ddbed77c1c7f79998d02ebada,evt_74a9899ddbed77c1,Danny Green,NBA,15.13,15.13,0,0,2.6300,2.6800,4.1800,
$500 NBA Daily 8/10,2020-08-10T20:59:42.010923,estk_74a9899ddbed77c11fb136f015ee25f6,evt_74a9899ddbed77c1,Tyler Herro,NBA,14.18,14.18,0,0,2.4600,2.5500,4.0100,
$500 NBA Daily 8/10,2020-08-10T20:59:42.010926,estk_74a9899ddbed77c1509298b2fe7937b1,evt_74a9899ddbed77c1,Dion Waiters,NBA,14.3,14.3,0,0,2.4400,2.5700,3.9900,
$500 NBA Daily 8/10,2020-08-10T20:59:42.010930,estk_74a9899ddbed77c1c3a200d16d9a3fa2,evt_74a9899ddbed77c1,JaVale McGee,NBA,13.6,13.6,0,0,2.3700,2.4700,3.9200,
$500 NBA Daily 8/10,2020-08-10T20:59:42.010934,estk_74a9899ddbed77c1285e01337ca27864,evt_74a9899ddbed77c1,Justin Holiday,NBA,12.69,12.69,0,0,2.2300,2.3800,3.7700,
$500 NBA Daily 8/10,2020-08-10T20:59:42.010938,estk_74a9899ddbed77c135ed64706e8d26f8,evt_74a9899ddbed77c1,JaKarr Sampson,NBA,10.65,10.65,0,0,1.9800,2.1400,3.5200,
$500 NBA Daily 8/10,2020-08-10T20:59:42.010941,estk_74a9899ddbed77c181cf003a81460da1,evt_74a9899ddbed77c1,Markieff Morris,NBA,5.84,5.84,0,0,1.5400,1.7300,3.0700,
$500 NBA Daily 8/10,2020-08-10T20:59:42.010945,estk_74a9899ddbed77c1ac0dc8b95f28dcf7,evt_74a9899ddbed77c1,Bol Bol,NBA,3.61,3.61,0,0,1.3900,1.5800,2.9200,
$500 NBA Daily 8/10,2020-08-10T20:59:42.010949,estk_74a9899ddbed77c15cdd05960889fa04,evt_74a9899ddbed77c1,Serge Ibaka,NBA,0,0,0,0,1.0000,3.1300,2.5200,
$500 NBA Daily 8/10,2020-08-10T20:59:42.010953,estk_74a9899ddbed77c15f7238ac84504d30,evt_74a9899ddbed77c1,Jerami Grant,NBA,0,0,0,0,1.0000,2.7600,2.5200,
$500 NBA Daily 8/10,2020-08-10T20:59:42.010957,estk_74a9899ddbed77c18a71a91ff40db789,evt_74a9899ddbed77c1,Kendrick Nunn,NBA,0,0,0,0,1.0000,1.0000,2.5200,
$500 NBA Daily 8/10,2020-08-10T20:59:42.010960,estk_74a9899ddbed77c1f2b631af853210c3,evt_74a9899ddbed77c1,Kentavious Caldwell-Pope,NBA,0,0,0,0,1.0000,1.0000,2.5200,
$500 NBA Daily 8/10,2020-08-10T20:59:42.010965,estk_74a9899ddbed77c112d0c14aa5dfd232,evt_74a9899ddbed77c1,Giannis Antetokounmpo,NBA,0,0,0,0,1.0000,8.6200,2.5200,
$500 NBA Daily 8/10,2020-08-10T22:47:29.409311,estk_74a9899ddbed77c17c131e7cfd4ca8ad,evt_74a9899ddbed77c1,Pascal Siakam,NBA,37.12,36.75,0,0.01,11.0200,9.2800,12.7500,
$500 NBA Daily 8/10,2020-08-10T22:47:29.409316,estk_74a9899ddbed77c1f2604b3c6ec43ff2,evt_74a9899ddbed77c1,Khris Middleton,NBA,33.4,33.07,0,0.01,9.0800,8.0500,10.6100,
$500 NBA Daily 8/10,2020-08-10T22:47:29.409340,estk_74a9899ddbed77c104749763bd15faac,evt_74a9899ddbed77c1,Eric Bledsoe,NBA,29.23,28.94,0,0.01,6.9400,6.1800,8.5400,
$500 NBA Daily 8/10,2020-08-10T22:47:29.409344,estk_74a9899ddbed77c1d846b1bc06a60007,evt_74a9899ddbed77c1,Marc Gasol,NBA,29.05,30.26,1.5,0.01,6.7800,4.2500,8.4900,
$500 NBA Daily 8/10,2020-08-10T22:47:29.409351,estk_74a9899ddbed77c1806121a64c461e99,evt_74a9899ddbed77c1,Brook Lopez,NBA,27.4,27.13,0,0.01,6.1800,5.5000,7.7200,
$500 NBA Daily 8/10,2020-08-10T22:47:29.409363,estk_74a9899ddbed77c16de03cb5c6424ccc,evt_74a9899ddbed77c1,Norman Powell,NBA,24.01,23.77,0,0.01,4.8800,3.5500,6.4400,
$500 NBA Daily 8/10,2020-08-10T22:47:29.409370,estk_74a9899ddbed77c182db34a5ef5dff8e,evt_74a9899ddbed77c1,OG Anunoby,NBA,23.69,23.45,0,0.01,4.7600,3.8300,6.3700,
$500 NBA Daily 8/10,2020-08-10T22:47:29.409393,estk_74a9899ddbed77c18097f00ce37705fe,evt_74a9899ddbed77c1,Marvin Williams,NBA,18.86,18.67,0,0.01,3.3200,3.3300,4.8800,
$500 NBA Daily 8/10,2020-08-10T22:47:29.409400,estk_74a9899ddbed77c1828daf68b6f4025d,evt_74a9899ddbed77c1,George Hill,NBA,18.63,18.44,0,0.01,3.2700,3.2900,4.8200,
$500 NBA Daily 8/10,2020-08-10T22:47:29.409411,estk_74a9899ddbed77c19076cef21a11902c,evt_74a9899ddbed77c1,Donte DiVincenzo,NBA,17.94,17.76,0,0.01,3.1100,3.1600,4.7000,
$500 NBA Daily 8/10,2020-08-10T22:47:29.409415,estk_74a9899ddbed77c1b349a48e189ba3d0,evt_74a9899ddbed77c1,Pat Connaughton,NBA,16.92,16.75,0,0.01,2.9100,3.0000,4.4900,
$500 NBA Daily 8/10,2020-08-10T22:47:29.409426,estk_74a9899ddbed77c1f16014e0a040fe5b,evt_74a9899ddbed77c1,Wesley Matthews,NBA,15.77,15.61,0,0.01,2.6700,2.7800,4.2000,
$500 NBA Daily 8/10,2020-08-10T22:47:29.409457,estk_74a9899ddbed77c1cd439276c8d11f5d,evt_74a9899ddbed77c1,Fred VanVleet,NBA,0,0,0,0.01,1.0000,7.9200,2.5200,
$500 NBA Daily 8/10,2020-08-10T22:47:29.409461,estk_74a9899ddbed77c15cdd05960889fa04,evt_74a9899ddbed77c1,Serge Ibaka,NBA,0,0,0,0.01,1.0000,3.1300,2.5200,
$500 NBA Daily 8/10,2020-08-10T22:47:29.409472,estk_74a9899ddbed77c1cc28fb3568e3a1d6,evt_74a9899ddbed77c1,Kyle Lowry,NBA,0,0,0,0.01,1.0000,8.2100,2.5200,
$500 NBA Daily 8/10,2020-08-10T22:47:29.409479,estk_74a9899ddbed77c112d0c14aa5dfd232,evt_74a9899ddbed77c1,Giannis Antetokounmpo,NBA,0,0,0,0.01,1.0000,8.6200,2.5200,
$500 NBA Daily 8/10,2020-08-10T22:50:01.178331,estk_74a9899ddbed77c17c131e7cfd4ca8ad,evt_74a9899ddbed77c1,Pascal Siakam,NBA,37.12,36.38,0,0.02,10.7900,9.2800,12.7500,9.0700
$500 NBA Daily 8/10,2020-08-10T22:50:01.178338,estk_74a9899ddbed77c1f2604b3c6ec43ff2,evt_74a9899ddbed77c1,Khris Middleton,NBA,33.4,32.73,0,0.02,8.8900,8.0500,10.6100,7.2100
$500 NBA Daily 8/10,2020-08-10T22:50:01.178361,estk_74a9899ddbed77c1d846b1bc06a60007,evt_74a9899ddbed77c1,Marc Gasol,NBA,29.05,29.47,1,0.02,7.4800,4.2500,9.0800,5.8300
$500 NBA Daily 8/10,2020-08-10T22:50:01.178365,estk_74a9899ddbed77c104749763bd15faac,evt_74a9899ddbed77c1,Eric Bledsoe,NBA,29.23,28.15,-0.5,0.02,6.8300,8.5400,8.5400,5.1900
$500 NBA Daily 8/10,2020-08-10T22:50:01.178373,estk_74a9899ddbed77c1806121a64c461e99,evt_74a9899ddbed77c1,Brook Lopez,NBA,27.4,26.85,0,0.02,6.0900,5.5000,7.7200,4.9800
$500 NBA Daily 8/10,2020-08-10T22:50:01.178388,estk_74a9899ddbed77c16de03cb5c6424ccc,evt_74a9899ddbed77c1,Norman Powell,NBA,24.01,24.78,1.25,0.02,4.7800,6.4400,6.4400,3.1800
$500 NBA Daily 8/10,2020-08-10T22:50:01.178396,estk_74a9899ddbed77c182db34a5ef5dff8e,evt_74a9899ddbed77c1,OG Anunoby,NBA,23.69,26.47,3.25,0.02,4.6500,3.8300,6.3700,3.0600
$500 NBA Daily 8/10,2020-08-10T22:50:01.178418,estk_74a9899ddbed77c18097f00ce37705fe,evt_74a9899ddbed77c1,Marvin Williams,NBA,18.86,18.48,0,0.02,3.2600,3.3300,4.8800,1.6900
$500 NBA Daily 8/10,2020-08-10T22:50:01.178426,estk_74a9899ddbed77c1828daf68b6f4025d,evt_74a9899ddbed77c1,George Hill,NBA,18.63,18.26,0,0.02,3.2100,3.2900,4.8200,4.4700
$500 NBA Daily 8/10,2020-08-10T22:50:01.178434,estk_74a9899ddbed77c19076cef21a11902c,evt_74a9899ddbed77c1,Donte DiVincenzo,NBA,17.94,17.58,0,0.02,3.0200,4.7000,4.7000,1.4600
$500 NBA Daily 8/10,2020-08-10T22:50:01.178446,estk_74a9899ddbed77c1b349a48e189ba3d0,evt_74a9899ddbed77c1,Pat Connaughton,NBA,16.92,16.58,0,0.02,2.8300,3.0000,4.4900,1.2700
$500 NBA Daily 8/10,2020-08-10T22:50:01.178450,estk_74a9899ddbed77c1f16014e0a040fe5b,evt_74a9899ddbed77c1,Wesley Matthews,NBA,15.77,14.95,-0.5,0.02,2.6000,2.7800,4.2000,3.1800
$500 NBA Daily 8/10,2020-08-10T22:50:01.178482,estk_74a9899ddbed77c1cd439276c8d11f5d,evt_74a9899ddbed77c1,Fred VanVleet,NBA,0,0,0,0.02,1.0000,2.5200,2.5200,
$500 NBA Daily 8/10,2020-08-10T22:50:01.178486,estk_74a9899ddbed77c15cdd05960889fa04,evt_74a9899ddbed77c1,Serge Ibaka,NBA,0,0,0,0.02,1.0000,2.5200,2.5200,
$500 NBA Daily 8/10,2020-08-10T22:50:01.178497,estk_74a9899ddbed77c1cc28fb3568e3a1d6,evt_74a9899ddbed77c1,Kyle Lowry,NBA,0,0,0,0.02,1.0000,2.5200,2.5200,
$500 NBA Daily 8/10,2020-08-10T22:50:01.178505,estk_74a9899ddbed77c112d0c14aa5dfd232,evt_74a9899ddbed77c1,Giannis Antetokounmpo,NBA,0,0,0,0.02,1.0000,2.5200,2.5200,
$500 NBA Daily 8/10,2020-08-10T22:51:01.922269,estk_74a9899ddbed77c17c131e7cfd4ca8ad,evt_74a9899ddbed77c1,Pascal Siakam,NBA,37.12,35.14,-0.5,0.04,9.9900,9.2800,12.7500,9.0700
$500 NBA Daily 8/10,2020-08-10T22:51:01.922282,estk_74a9899ddbed77c1f2604b3c6ec43ff2,evt_74a9899ddbed77c1,Khris Middleton,NBA,33.4,32.31,0.25,0.04,8.4400,8.0500,10.6100,7.2100
$500 NBA Daily 8/10,2020-08-10T22:51:01.922298,estk_74a9899ddbed77c104749763bd15faac,evt_74a9899ddbed77c1,Eric Bledsoe,NBA,29.23,27.56,-0.5,0.04,6.8300,8.5400,8.4700,5.1900
$500 NBA Daily 8/10,2020-08-10T22:51:01.922302,estk_74a9899ddbed77c1d846b1bc06a60007,evt_74a9899ddbed77c1,Marc Gasol,NBA,29.05,28.89,1,0.04,6.7700,4.2500,9.0800,5.8300
$500 NBA Daily 8/10,2020-08-10T22:51:01.922309,estk_74a9899ddbed77c1806121a64c461e99,evt_74a9899ddbed77c1,Brook Lopez,NBA,27.4,26.3,0,0.04,6.0900,5.5000,7.7200,4.9800
$500 NBA Daily 8/10,2020-08-10T22:51:01.922318,estk_74a9899ddbed77c182db34a5ef5dff8e,evt_74a9899ddbed77c1,OG Anunoby,NBA,23.69,25.49,2.75,0.04,5.3800,3.8300,6.3700,3.7700
$500 NBA Daily 8/10,2020-08-10T22:51:01.922326,estk_74a9899ddbed77c16de03cb5c6424ccc,evt_74a9899ddbed77c1,Norman Powell,NBA,24.01,25.55,2.5,0.04,5.3700,6.4400,6.4400,3.7600
$500 NBA Daily 8/10,2020-08-10T22:51:01.922359,estk_74a9899ddbed77c18097f00ce37705fe,evt_74a9899ddbed77c1,Marvin Williams,NBA,18.86,18.11,0,0.04,3.2600,3.3300,4.8800,1.6900
$500 NBA Daily 8/10,2020-08-10T22:51:01.922366,estk_74a9899ddbed77c1828daf68b6f4025d,evt_74a9899ddbed77c1,George Hill,NBA,18.63,17.88,0,0.04,3.2100,3.2900,4.8200,1.6500
$500 NBA Daily 8/10,2020-08-10T22:51:01.922374,estk_74a9899ddbed77c19076cef21a11902c,evt_74a9899ddbed77c1,Donte DiVincenzo,NBA,17.94,17.22,0,0.04,3.0200,4.7000,4.5800,1.4600
$500 NBA Daily 8/10,2020-08-10T22:51:01.922385,estk_74a9899ddbed77c1b349a48e189ba3d0,evt_74a9899ddbed77c1,Pat Connaughton,NBA,16.92,20.74,4.5,0.04,2.8300,3.0000,4.4900,1.2700
$500 NBA Daily 8/10,2020-08-10T22:51:01.922389,estk_74a9899ddbed77c1f16014e0a040fe5b,evt_74a9899ddbed77c1,Wesley Matthews,NBA,15.77,14.64,-0.5,0.04,2.6000,2.7800,4.2000,1.0500
$500 NBA Daily 8/10,2020-08-10T22:51:01.922421,estk_74a9899ddbed77c1cd439276c8d11f5d,evt_74a9899ddbed77c1,Fred VanVleet,NBA,0,0,0,0.04,1.0000,2.5200,2.5200,
$500 NBA Daily 8/10,2020-08-10T22:51:01.922424,estk_74a9899ddbed77c15cdd05960889fa04,evt_74a9899ddbed77c1,Serge Ibaka,NBA,0,0,0,0.04,1.0000,2.5200,2.5200,
$500 NBA Daily 8/10,2020-08-10T22:51:01.922436,estk_74a9899ddbed77c1cc28fb3568e3a1d6,evt_74a9899ddbed77c1,Kyle Lowry,NBA,0,0,0,0.04,1.0000,2.5200,2.5200,
$500 NBA Daily 8/10,2020-08-10T22:51:01.922443,estk_74a9899ddbed77c112d0c14aa5dfd232,evt_74a9899ddbed77c1,Giannis Antetokounmpo,NBA,0,0,0,0.04,1.0000,2.5200,2.5200,
$500 NBA Daily 8/10,2020-08-10T22:52:02.633858,estk_74a9899ddbed77c17c131e7cfd4ca8ad,evt_74a9899ddbed77c1,Pascal Siakam,NBA,37.12,34.76,-0.5,0.05,9.9700,9.2800,11.6700,8.2900
$500 NBA Daily 8/10,2020-08-10T22:52:02.633871,estk_74a9899ddbed77c1f2604b3c6ec43ff2,evt_74a9899ddbed77c1,Khris Middleton,NBA,33.4,31.98,0.25,0.05,8.4800,8.0500,10.1500,7.2100
$500 NBA Daily 8/10,2020-08-10T22:52:02.633886,estk_74a9899ddbed77c1d846b1bc06a60007,evt_74a9899ddbed77c1,Marc Gasol,NBA,29.05,28.1,0.5,0.05,6.8400,4.2500,8.4100,5.8300
$500 NBA Daily 8/10,2020-08-10T22:52:02.633894,estk_74a9899ddbed77c104749763bd15faac,evt_74a9899ddbed77c1,Eric Bledsoe,NBA,29.23,27.27,-0.5,0.05,6.2000,8.5400,7.8200,5.1900
$500 NBA Daily 8/10,2020-08-10T22:52:02.633901,estk_74a9899ddbed77c1806121a64c461e99,evt_74a9899ddbed77c1,Brook Lopez,NBA,27.4,26.03,0,0.05,5.7400,5.5000,7.7200,4.4700
$500 NBA Daily 8/10,2020-08-10T22:52:02.633906,estk_74a9899ddbed77c16de03cb5c6424ccc,evt_74a9899ddbed77c1,Norman Powell,NBA,24.01,25.31,2.5,0.05,5.4700,6.4400,7.0800,3.8600
$500 NBA Daily 8/10,2020-08-10T22:52:02.633909,estk_74a9899ddbed77c182db34a5ef5dff8e,evt_74a9899ddbed77c1,OG Anunoby,NBA,23.69,25.26,2.75,0.05,5.4200,3.8300,7.0300,3.8100
$500 NBA Daily 8/10,2020-08-10T22:52:02.633929,estk_74a9899ddbed77c1b349a48e189ba3d0,evt_74a9899ddbed77c1,Pat Connaughton,NBA,16.92,20.57,4.5,0.05,3.8400,3.0000,5.4200,2.2600
$500 NBA Daily 8/10,2020-08-10T22:52:02.633954,estk_74a9899ddbed77c18097f00ce37705fe,evt_74a9899ddbed77c1,Marvin Williams,NBA,18.86,17.92,0,0.05,3.1200,3.3300,4.8800,1.6900
$500 NBA Daily 8/10,2020-08-10T22:52:02.633958,estk_74a9899ddbed77c1828daf68b6f4025d,evt_74a9899ddbed77c1,George Hill,NBA,18.63,17.7,0,0.05,3.0400,3.2900,4.8200,1.6500
$500 NBA Daily 8/10,2020-08-10T22:52:02.633961,estk_74a9899ddbed77c19076cef21a11902c,evt_74a9899ddbed77c1,Donte DiVincenzo,NBA,17.94,17.04,0,0.05,2.9400,4.7000,4.5800,1.4600
$500 NBA Daily 8/10,2020-08-10T22:52:02.633981,estk_74a9899ddbed77c1f16014e0a040fe5b,evt_74a9899ddbed77c1,Wesley Matthews,NBA,15.77,14.48,-0.5,0.05,2.3900,2.7800,4.2000,1.0500
$500 NBA Daily 8/10,2020-08-10T22:52:02.634005,estk_74a9899ddbed77c1cd439276c8d11f5d,evt_74a9899ddbed77c1,Fred VanVleet,NBA,0,0,0,0.05,1.0000,2.5200,2.5200,
$500 NBA Daily 8/10,2020-08-10T22:52:02.634009,estk_74a9899ddbed77c15cdd05960889fa04,evt_74a9899ddbed77c1,Serge Ibaka,NBA,0,0,0,0.05,1.0000,2.5200,2.5200,
$500 NBA Daily 8/10,2020-08-10T22:52:02.634020,estk_74a9899ddbed77c1cc28fb3568e3a1d6,evt_74a9899ddbed77c1,Kyle Lowry,NBA,0,0,0,0.05,1.0000,2.5200,2.5200,
$500 NBA Daily 8/10,2020-08-10T22:52:02.634027,estk_74a9899ddbed77c112d0c14aa5dfd232,evt_74a9899ddbed77c1,Giannis Antetokounmpo,NBA,0,0,0,0.05,1.0000,2.5200,2.5200,
$500 NBA Daily 8/10,2020-08-10T22:54:04.026277,estk_74a9899ddbed77c17c131e7cfd4ca8ad,evt_74a9899ddbed77c1,Pascal Siakam,NBA,37.12,34.78,1,0.09,9.9100,9.2800,11.6700,8.2900
$500 NBA Daily 8/10,2020-08-10T22:54:04.026291,estk_74a9899ddbed77c1f2604b3c6ec43ff2,evt_74a9899ddbed77c1,Khris Middleton,NBA,33.4,32.14,1.75,0.09,8.4300,8.0500,10.1500,7.2100
$500 NBA Daily 8/10,2020-08-10T22:54:04.026311,estk_74a9899ddbed77c1d846b1bc06a60007,evt_74a9899ddbed77c1,Marc Gasol,NBA,29.05,29.44,3,0.09,6.5000,4.2500,8.4100,5.2000
$500 NBA Daily 8/10,2020-08-10T22:54:04.026314,estk_74a9899ddbed77c104749763bd15faac,evt_74a9899ddbed77c1,Eric Bledsoe,NBA,29.23,28.35,1.75,0.09,6.1200,8.5400,7.8200,5.1900
$500 NBA Daily 8/10,2020-08-10T22:54:04.026322,estk_74a9899ddbed77c1806121a64c461e99,evt_74a9899ddbed77c1,Brook Lopez,NBA,27.4,27.93,3,0.09,5.6200,5.5000,7.7200,4.4700
$500 NBA Daily 8/10,2020-08-10T22:54:04.026327,estk_74a9899ddbed77c16de03cb5c6424ccc,evt_74a9899ddbed77c1,Norman Powell,NBA,24.01,29.1,7.25,0.09,5.3700,6.4400,7.0800,3.8600
$500 NBA Daily 8/10,2020-08-10T22:54:04.026330,estk_74a9899ddbed77c182db34a5ef5dff8e,evt_74a9899ddbed77c1,OG Anunoby,NBA,23.69,24.31,2.75,0.09,5.3000,3.8300,7.0300,3.8100
$500 NBA Daily 8/10,2020-08-10T22:54:04.026353,estk_74a9899ddbed77c1b349a48e189ba3d0,evt_74a9899ddbed77c1,Pat Connaughton,NBA,16.92,31.65,16.25,0.09,3.7600,3.0000,5.4200,2.2600
$500 NBA Daily 8/10,2020-08-10T22:54:04.026375,estk_74a9899ddbed77c18097f00ce37705fe,evt_74a9899ddbed77c1,Marvin Williams,NBA,18.86,17.16,0,0.09,3.0800,3.3300,4.8800,1.6900
$500 NBA Daily 8/10,2020-08-10T22:54:04.026379,estk_74a9899ddbed77c1828daf68b6f4025d,evt_74a9899ddbed77c1,George Hill,NBA,18.63,16.95,0,0.09,3.0500,3.2900,4.8200,1.6500
$500 NBA Daily 8/10,2020-08-10T22:54:04.026391,estk_74a9899ddbed77c19076cef21a11902c,evt_74a9899ddbed77c1,Donte DiVincenzo,NBA,17.94,16.33,0,0.09,2.8500,4.7000,4.5800,1.4600
$500 NBA Daily 8/10,2020-08-10T22:54:04.026402,estk_74a9899ddbed77c1f16014e0a040fe5b,evt_74a9899ddbed77c1,Wesley Matthews,NBA,15.77,13.85,-0.5,0.09,2.4000,2.7800,4.2000,1.0500
$500 NBA Daily 8/10,2020-08-10T22:54:04.026427,estk_74a9899ddbed77c1cd439276c8d11f5d,evt_74a9899ddbed77c1,Fred VanVleet,NBA,0,0,0,0.09,1.0000,2.5200,2.5200,
$500 NBA Daily 8/10,2020-08-10T22:54:04.026431,estk_74a9899ddbed77c15cdd05960889fa04,evt_74a9899ddbed77c1,Serge Ibaka,NBA,0,0,0,0.09,1.0000,2.5200,2.5200,
$500 NBA Daily 8/10,2020-08-10T22:54:04.026442,estk_74a9899ddbed77c1cc28fb3568e3a1d6,evt_74a9899ddbed77c1,Kyle Lowry,NBA,0,0,0,0.09,1.0000,2.5200,2.5200,
$500 NBA Daily 8/10,2020-08-10T22:54:04.026449,estk_74a9899ddbed77c112d0c14aa5dfd232,evt_74a9899ddbed77c1,Giannis Antetokounmpo,NBA,0,0,0,0.09,1.0000,2.5200,2.5200,
$500 NBA Daily 8/10,2020-08-10T22:54:34.302207,estk_74a9899ddbed77c17c131e7cfd4ca8ad,evt_74a9899ddbed77c1,Pascal Siakam,NBA,37.12,34.41,1,0.1,9.6200,9.2800,11.6700,8.2900
$500 NBA Daily 8/10,2020-08-10T22:54:34.302221,estk_74a9899ddbed77c1f2604b3c6ec43ff2,evt_74a9899ddbed77c1,Khris Middleton,NBA,33.4,31.81,1.75,0.1,8.1900,8.0500,10.1500,7.2100
$500 NBA Daily 8/10,2020-08-10T22:54:34.302225,estk_74a9899ddbed77c1b349a48e189ba3d0,evt_74a9899ddbed77c1,Pat Connaughton,NBA,16.92,31.48,16.25,0.1,7.8300,5.4200,9.4900,
$500 NBA Daily 8/10,2020-08-10T22:54:34.302240,estk_74a9899ddbed77c1d846b1bc06a60007,evt_74a9899ddbed77c1,Marc Gasol,NBA,29.05,28.64,2.5,0.1,6.8400,4.2500,8.4100,5.2000
$500 NBA Daily 8/10,2020-08-10T22:54:34.302243,estk_74a9899ddbed77c16de03cb5c6424ccc,evt_74a9899ddbed77c1,Norman Powell,NBA,24.01,28.86,7.25,0.1,6.7000,6.4400,8.3300,6.1700
$500 NBA Daily 8/10,2020-08-10T22:54:34.302251,estk_74a9899ddbed77c104749763bd15faac,evt_74a9899ddbed77c1,Eric Bledsoe,NBA,29.23,28.06,1.75,0.1,6.2700,8.5400,7.8200,5.1900
$500 NBA Daily 8/10,2020-08-10T22:54:34.302255,estk_74a9899ddbed77c1806121a64c461e99,evt_74a9899ddbed77c1,Brook Lopez,NBA,27.4,27.66,3,0.1,6.1500,5.5000,7.7200,4.5300
$500 NBA Daily 8/10,2020-08-10T22:54:34.302270,estk_74a9899ddbed77c182db34a5ef5dff8e,evt_74a9899ddbed77c1,OG Anunoby,NBA,23.69,24.07,2.75,0.1,4.7300,3.8300,6.3200,3.8100
$500 NBA Daily 8/10,2020-08-10T22:54:34.302309,estk_74a9899ddbed77c18097f00ce37705fe,evt_74a9899ddbed77c1,Marvin Williams,NBA,18.86,16.97,0,0.1,2.7500,3.3300,4.3100,1.6900
$500 NBA Daily 8/10,2020-08-10T22:54:34.302313,estk_74a9899ddbed77c1828daf68b6f4025d,evt_74a9899ddbed77c1,George Hill,NBA,18.63,16.77,0,0.1,2.7100,3.2900,4.2600,1.6500
$500 NBA Daily 8/10,2020-08-10T22:54:34.302316,estk_74a9899ddbed77c19076cef21a11902c,evt_74a9899ddbed77c1,Donte DiVincenzo,NBA,17.94,17.4,1.25,0.1,2.5300,4.7000,4.0800,1.4600
$500 NBA Daily 8/10,2020-08-10T22:54:34.302335,estk_74a9899ddbed77c1f16014e0a040fe5b,evt_74a9899ddbed77c1,Wesley Matthews,NBA,15.77,13.69,-0.5,0.1,2.1500,2.7800,3.6900,1.0500
$500 NBA Daily 8/10,2020-08-10T22:54:34.302353,estk_74a9899ddbed77c1cd439276c8d11f5d,evt_74a9899ddbed77c1,Fred VanVleet,NBA,0,0,0,0.1,1.0000,2.5200,2.5200,
$500 NBA Daily 8/10,2020-08-10T22:54:34.302356,estk_74a9899ddbed77c15cdd05960889fa04,evt_74a9899ddbed77c1,Serge Ibaka,NBA,0,0,0,0.1,1.0000,2.5200,2.5200,
$500 NBA Daily 8/10,2020-08-10T22:54:34.302367,estk_74a9899ddbed77c1cc28fb3568e3a1d6,evt_74a9899ddbed77c1,Kyle Lowry,NBA,0,0,0,0.1,1.0000,2.5200,2.5200,
$500 NBA Daily 8/10,2020-08-10T22:54:34.302375,estk_74a9899ddbed77c112d0c14aa5dfd232,evt_74a9899ddbed77c1,Giannis Antetokounmpo,NBA,0,0,0,0.1,1.0000,2.5200,2.5200,
$500 NBA Daily 8/10,2020-08-10T22:58:37.169982,estk_74a9899ddbed77c17c131e7cfd4ca8ad,evt_74a9899ddbed77c1,Pascal Siakam,NBA,37.12,34.04,1,0.11,9.3600,9.2800,11.0900,8.2900
$500 NBA Daily 8/10,2020-08-10T22:58:37.169996,estk_74a9899ddbed77c1f2604b3c6ec43ff2,evt_74a9899ddbed77c1,Khris Middleton,NBA,33.4,31.48,1.75,0.11,7.9700,8.0500,9.6500,6.8100
$500 NBA Daily 8/10,2020-08-10T22:58:37.170001,estk_74a9899ddbed77c1b349a48e189ba3d0,evt_74a9899ddbed77c1,Pat Connaughton,NBA,16.92,31.31,16.25,0.11,7.8200,5.4200,9.4900,6.2000
$500 NBA Daily 8/10,2020-08-10T22:58:37.170019,estk_74a9899ddbed77c104749763bd15faac,evt_74a9899ddbed77c1,Eric Bledsoe,NBA,29.23,29.26,3.25,0.11,6.8500,8.5400,8.5000,5.2900
$500 NBA Daily 8/10,2020-08-10T22:58:37.170023,estk_74a9899ddbed77c16de03cb5c6424ccc,evt_74a9899ddbed77c1,Norman Powell,NBA,24.01,28.62,7.25,0.11,6.5700,6.4400,8.3300,5.0700
$500 NBA Daily 8/10,2020-08-10T22:58:37.170032,estk_74a9899ddbed77c1d846b1bc06a60007,evt_74a9899ddbed77c1,Marc Gasol,NBA,29.05,29.6,3.75,0.11,6.4400,4.2500,8.4100,5.2000
$500 NBA Daily 8/10,2020-08-10T22:58:37.170037,estk_74a9899ddbed77c1806121a64c461e99,evt_74a9899ddbed77c1,Brook Lopez,NBA,27.4,27.39,3,0.11,6.0600,5.5000,7.7200,4.5300
$500 NBA Daily 8/10,2020-08-10T22:58:37.170054,estk_74a9899ddbed77c182db34a5ef5dff8e,evt_74a9899ddbed77c1,OG Anunoby,NBA,23.69,23.83,2.75,0.11,4.6300,3.8300,6.3200,3.7700
$500 NBA Daily 8/10,2020-08-10T22:58:37.170098,estk_74a9899ddbed77c19076cef21a11902c,evt_74a9899ddbed77c1,Donte DiVincenzo,NBA,17.94,18.47,2.5,0.11,2.7800,4.7000,4.0800,1.4600
$500 NBA Daily 8/10,2020-08-10T22:58:37.170103,estk_74a9899ddbed77c18097f00ce37705fe,evt_74a9899ddbed77c1,Marvin Williams,NBA,18.86,16.79,0,0.11,2.6600,3.3300,4.3100,1.6900
$500 NBA Daily 8/10,2020-08-10T22:58:37.170107,estk_74a9899ddbed77c1828daf68b6f4025d,evt_74a9899ddbed77c1,George Hill,NBA,18.63,16.08,-0.5,0.11,2.6400,3.2900,4.2600,1.6500
$500 NBA Daily 8/10,2020-08-10T22:58:37.170126,estk_74a9899ddbed77c1f16014e0a040fe5b,evt_74a9899ddbed77c1,Wesley Matthews,NBA,15.77,13.54,-0.5,0.11,2.0900,2.7800,3.6900,1.0500
$500 NBA Daily 8/10,2020-08-10T22:58:37.170146,estk_74a9899ddbed77c1cd439276c8d11f5d,evt_74a9899ddbed77c1,Fred VanVleet,NBA,0,0,0,0.11,1.0000,2.5200,2.5200,
$500 NBA Daily 8/10,2020-08-10T22:58:37.170150,estk_74a9899ddbed77c15cdd05960889fa04,evt_74a9899ddbed77c1,Serge Ibaka,NBA,0,0,0,0.11,1.0000,2.5200,2.5200,
$500 NBA Daily 8/10,2020-08-10T22:58:37.170162,estk_74a9899ddbed77c1cc28fb3568e3a1d6,evt_74a9899ddbed77c1,Kyle Lowry,NBA,0,0,0,0.11,1.0000,2.5200,2.5200,
$500 NBA Daily 8/10,2020-08-10T22:58:37.170169,estk_74a9899ddbed77c112d0c14aa5dfd232,evt_74a9899ddbed77c1,Giannis Antetokounmpo,NBA,0,0,0,0.11,1.0000,2.5200,2.5200,
$500 NBA Daily 8/10,2020-08-10T23:00:38.522352,estk_74a9899ddbed77c17c131e7cfd4ca8ad,evt_74a9899ddbed77c1,Pascal Siakam,NBA,37.12,33.67,1,0.12,9.2400,9.2800,11.0900,8.2900
$500 NBA Daily 8/10,2020-08-10T23:00:38.522365,estk_74a9899ddbed77c1f2604b3c6ec43ff2,evt_74a9899ddbed77c1,Khris Middleton,NBA,33.4,33.14,3.75,0.12,7.8700,8.0500,9.6500,6.8100
$500 NBA Daily 8/10,2020-08-10T23:00:38.522373,estk_74a9899ddbed77c1b349a48e189ba3d0,evt_74a9899ddbed77c1,Pat Connaughton,NBA,16.92,31.14,16.25,0.12,7.7000,5.4200,9.4900,6.2000
$500 NBA Daily 8/10,2020-08-10T23:00:38.522385,estk_74a9899ddbed77c1d846b1bc06a60007,evt_74a9899ddbed77c1,Marc Gasol,NBA,29.05,29.31,3.75,0.12,6.9200,4.2500,8.4100,5.2000
$500 NBA Daily 8/10,2020-08-10T23:00:38.522388,estk_74a9899ddbed77c104749763bd15faac,evt_74a9899ddbed77c1,Eric Bledsoe,NBA,29.23,28.97,3.25,0.12,6.7700,8.5400,8.5000,5.2900
$500 NBA Daily 8/10,2020-08-10T23:00:38.522392,estk_74a9899ddbed77c16de03cb5c6424ccc,evt_74a9899ddbed77c1,Norman Powell,NBA,24.01,30.38,9.25,0.12,6.4700,6.4400,8.3300,5.0700
$500 NBA Daily 8/10,2020-08-10T23:00:38.522400,estk_74a9899ddbed77c1806121a64c461e99,evt_74a9899ddbed77c1,Brook Lopez,NBA,27.4,27.11,3,0.12,5.9600,5.5000,7.7200,4.5300
$500 NBA Daily 8/10,2020-08-10T23:00:38.522415,estk_74a9899ddbed77c182db34a5ef5dff8e,evt_74a9899ddbed77c1,OG Anunoby,NBA,23.69,23.6,2.75,0.12,4.6100,3.8300,6.3200,3.6900
$500 NBA Daily 8/10,2020-08-10T23:00:38.522448,estk_74a9899ddbed77c19076cef21a11902c,evt_74a9899ddbed77c1,Donte DiVincenzo,NBA,17.94,17.79,2,0.12,3.0000,4.7000,4.0800,1.4600
$500 NBA Daily 8/10,2020-08-10T23:00:38.522458,estk_74a9899ddbed77c18097f00ce37705fe,evt_74a9899ddbed77c1,Marvin Williams,NBA,18.86,16.6,0,0.12,2.6200,3.3300,4.3100,1.6900
$500 NBA Daily 8/10,2020-08-10T23:00:38.522465,estk_74a9899ddbed77c1828daf68b6f4025d,evt_74a9899ddbed77c1,George Hill,NBA,18.63,15.89,-0.5,0.12,2.5000,3.2900,4.2600,1.6500
$500 NBA Daily 8/10,2020-08-10T23:00:38.522483,estk_74a9899ddbed77c1f16014e0a040fe5b,evt_74a9899ddbed77c1,Wesley Matthews,NBA,15.77,13.38,-0.5,0.12,2.0600,2.7800,3.6900,1.0500
$500 NBA Daily 8/10,2020-08-10T23:00:38.522497,estk_74a9899ddbed77c1cd439276c8d11f5d,evt_74a9899ddbed77c1,Fred VanVleet,NBA,0,0,0,0.12,1.0000,2.5200,2.5200,
$500 NBA Daily 8/10,2020-08-10T23:00:38.522501,estk_74a9899ddbed77c15cdd05960889fa04,evt_74a9899ddbed77c1,Serge Ibaka,NBA,0,0,0,0.12,1.0000,2.5200,2.5200,
$500 NBA Daily 8/10,2020-08-10T23:00:38.522511,estk_74a9899ddbed77c1cc28fb3568e3a1d6,evt_74a9899ddbed77c1,Kyle Lowry,NBA,0,0,0,0.12,1.0000,2.5200,2.5200,
$500 NBA Daily 8/10,2020-08-10T23:00:38.522518,estk_74a9899ddbed77c112d0c14aa5dfd232,evt_74a9899ddbed77c1,Giannis Antetokounmpo,NBA,0,0,0,0.12,1.0000,2.5200,2.5200,
$500 NBA Daily 8/10,2020-08-10T23:01:39.149822,estk_74a9899ddbed77c17c131e7cfd4ca8ad,evt_74a9899ddbed77c1,Pascal Siakam,NBA,37.12,34.8,3.25,0.15,9.2400,9.2800,11.0900,8.2900
$500 NBA Daily 8/10,2020-08-10T23:01:39.149835,estk_74a9899ddbed77c1f2604b3c6ec43ff2,evt_74a9899ddbed77c1,Khris Middleton,NBA,33.4,35.39,7,0.15,7.8700,8.0500,9.6500,6.8100
$500 NBA Daily 8/10,2020-08-10T23:01:39.149843,estk_74a9899ddbed77c1b349a48e189ba3d0,evt_74a9899ddbed77c1,Pat Connaughton,NBA,16.92,30.63,16.25,0.15,7.7000,5.4200,9.4900,6.2000
$500 NBA Daily 8/10,2020-08-10T23:01:39.149855,estk_74a9899ddbed77c1d846b1bc06a60007,evt_74a9899ddbed77c1,Marc Gasol,NBA,29.05,28.44,3.75,0.15,6.9200,4.2500,8.4100,5.2000
$500 NBA Daily 8/10,2020-08-10T23:01:39.149858,estk_74a9899ddbed77c104749763bd15faac,evt_74a9899ddbed77c1,Eric Bledsoe,NBA,29.23,28.1,3.25,0.15,6.7700,8.5400,8.5000,5.2900
$500 NBA Daily 8/10,2020-08-10T23:01:39.149862,estk_74a9899ddbed77c16de03cb5c6424ccc,evt_74a9899ddbed77c1,Norman Powell,NBA,24.01,33.16,12.75,0.15,6.4700,6.4400,8.3300,5.0700
$500 NBA Daily 8/10,2020-08-10T23:01:39.149870,estk_74a9899ddbed77c1806121a64c461e99,evt_74a9899ddbed77c1,Brook Lopez,NBA,27.4,25.29,2,0.15,5.9600,5.5000,7.7200,4.5300
$500 NBA Daily 8/10,2020-08-10T23:01:39.149885,estk_74a9899ddbed77c182db34a5ef5dff8e,evt_74a9899ddbed77c1,OG Anunoby,NBA,23.69,22.89,2.75,0.15,4.6100,3.8300,6.3200,3.6900
$500 NBA Daily 8/10,2020-08-10T23:01:39.149921,estk_74a9899ddbed77c19076cef21a11902c,evt_74a9899ddbed77c1,Donte DiVincenzo,NBA,17.94,17.25,2,0.15,3.0000,4.7000,4.0800,1.4600
$500 NBA Daily 8/10,2020-08-10T23:01:39.149932,estk_74a9899ddbed77c18097f00ce37705fe,evt_74a9899ddbed77c1,Marvin Williams,NBA,18.86,16.03,0,0.15,2.6200,3.3300,4.3100,1.6900
$500 NBA Daily 8/10,2020-08-10T23:01:39.149939,estk_74a9899ddbed77c1828daf68b6f4025d,evt_74a9899ddbed77c1,George Hill,NBA,18.63,15.34,-0.5,0.15,2.5000,3.2900,4.2600,1.6500
$500 NBA Daily 8/10,2020-08-10T23:01:39.149957,estk_74a9899ddbed77c1f16014e0a040fe5b,evt_74a9899ddbed77c1,Wesley Matthews,NBA,15.77,12.9,-0.5,0.15,2.0600,2.7800,3.6900,1.0500
$500 NBA Daily 8/10,2020-08-10T23:01:39.149971,estk_74a9899ddbed77c1cd439276c8d11f5d,evt_74a9899ddbed77c1,Fred VanVleet,NBA,0,0,0,0.15,1.0000,2.5200,2.5200,
$500 NBA Daily 8/10,2020-08-10T23:01:39.149975,estk_74a9899ddbed77c15cdd05960889fa04,evt_74a9899ddbed77c1,Serge Ibaka,NBA,0,0,0,0.15,1.0000,2.5200,2.5200,
$500 NBA Daily 8/10,2020-08-10T23:01:39.149986,estk_74a9899ddbed77c1cc28fb3568e3a1d6,evt_74a9899ddbed77c1,Kyle Lowry,NBA,0,0,0,0.15,1.0000,2.5200,2.5200,
$500 NBA Daily 8/10,2020-08-10T23:01:39.149993,estk_74a9899ddbed77c112d0c14aa5dfd232,evt_74a9899ddbed77c1,Giannis Antetokounmpo,NBA,0,0,0,0.15,1.0000,2.5200,2.5200,
$500 NBA Daily 8/10,2020-08-10T23:02:39.890361,estk_74a9899ddbed77c1f2604b3c6ec43ff2,evt_74a9899ddbed77c1,Khris Middleton,NBA,33.4,35.06,7,0.16,9.8700,8.0500,11.5700,8.2900
$500 NBA Daily 8/10,2020-08-10T23:02:39.890367,estk_74a9899ddbed77c17c131e7cfd4ca8ad,evt_74a9899ddbed77c1,Pascal Siakam,NBA,37.12,36.43,5.25,0.16,9.5400,9.2800,11.0900,8.2900
$500 NBA Daily 8/10,2020-08-10T23:02:39.890371,estk_74a9899ddbed77c16de03cb5c6424ccc,evt_74a9899ddbed77c1,Norman Powell,NBA,24.01,32.92,12.75,0.16,8.6700,6.4400,10.3400,7.0000
$500 NBA Daily 8/10,2020-08-10T23:02:39.890394,estk_74a9899ddbed77c1b349a48e189ba3d0,evt_74a9899ddbed77c1,Pat Connaughton,NBA,16.92,30.46,16.25,0.16,7.2700,5.4200,8.9200,6.2000
$500 NBA Daily 8/10,2020-08-10T23:02:39.890402,estk_74a9899ddbed77c1d846b1bc06a60007,evt_74a9899ddbed77c1,Marc Gasol,NBA,29.05,28.15,3.75,0.16,6.3300,4.2500,7.9300,5.2000
$500 NBA Daily 8/10,2020-08-10T23:02:39.890407,estk_74a9899ddbed77c104749763bd15faac,evt_74a9899ddbed77c1,Eric Bledsoe,NBA,29.23,27.8,3.25,0.16,6.1500,8.5400,7.7700,5.2200
$500 NBA Daily 8/10,2020-08-10T23:02:39.890418,estk_74a9899ddbed77c1806121a64c461e99,evt_74a9899ddbed77c1,Brook Lopez,NBA,27.4,24.52,1.5,0.16,5.0100,5.5000,6.5900,4.1300
$500 NBA Daily 8/10,2020-08-10T23:02:39.890433,estk_74a9899ddbed77c182db34a5ef5dff8e,evt_74a9899ddbed77c1,OG Anunoby,NBA,23.69,22.65,2.75,0.16,4.2200,3.8300,5.8000,3.1400
$500 NBA Daily 8/10,2020-08-10T23:02:39.890466,estk_74a9899ddbed77c19076cef21a11902c,evt_74a9899ddbed77c1,Donte DiVincenzo,NBA,17.94,17.07,2,0.16,2.6800,4.7000,4.0800,1.4600
$500 NBA Daily 8/10,2020-08-10T23:02:39.890474,estk_74a9899ddbed77c18097f00ce37705fe,evt_74a9899ddbed77c1,Marvin Williams,NBA,18.86,15.84,0,0.16,2.4300,3.3300,4.3100,1.5600
$500 NBA Daily 8/10,2020-08-10T23:02:39.890485,estk_74a9899ddbed77c1828daf68b6f4025d,evt_74a9899ddbed77c1,George Hill,NBA,18.63,15.15,-0.5,0.16,2.3100,3.2900,4.2600,1.4800
$500 NBA Daily 8/10,2020-08-10T23:02:39.890497,estk_74a9899ddbed77c1f16014e0a040fe5b,evt_74a9899ddbed77c1,Wesley Matthews,NBA,15.77,12.75,-0.5,0.16,1.9300,2.7800,3.6900,1.0500
$500 NBA Daily 8/10,2020-08-10T23:02:39.890511,estk_74a9899ddbed77c1cd439276c8d11f5d,evt_74a9899ddbed77c1,Fred VanVleet,NBA,0,0,0,0.16,1.0000,2.5200,2.5200,
$500 NBA Daily 8/10,2020-08-10T23:02:39.890515,estk_74a9899ddbed77c15cdd05960889fa04,evt_74a9899ddbed77c1,Serge Ibaka,NBA,0,0,0,0.16,1.0000,2.5200,2.5200,
$500 NBA Daily 8/10,2020-08-10T23:02:39.890527,estk_74a9899ddbed77c1cc28fb3568e3a1d6,evt_74a9899ddbed77c1,Kyle Lowry,NBA,0,0,0,0.16,1.0000,2.5200,2.5200,
$500 NBA Daily 8/10,2020-08-10T23:02:39.890534,estk_74a9899ddbed77c112d0c14aa5dfd232,evt_74a9899ddbed77c1,Giannis Antetokounmpo,NBA,0,0,0,0.16,1.0000,2.5200,2.5200,
$500 NBA Daily 8/10,2020-08-10T23:03:40.570442,estk_74a9899ddbed77c17c131e7cfd4ca8ad,evt_74a9899ddbed77c1,Pascal Siakam,NBA,37.12,35.69,5.25,0.18,10.4900,9.2800,12.2000,8.7800
$500 NBA Daily 8/10,2020-08-10T23:03:40.570448,estk_74a9899ddbed77c1f2604b3c6ec43ff2,evt_74a9899ddbed77c1,Khris Middleton,NBA,33.4,34.39,7,0.18,9.6100,8.0500,11.5700,8.2900
$500 NBA Daily 8/10,2020-08-10T23:03:40.570460,estk_74a9899ddbed77c16de03cb5c6424ccc,evt_74a9899ddbed77c1,Norman Powell,NBA,24.01,32.44,12.75,0.18,8.5000,6.4400,10.3400,7.0000
$500 NBA Daily 8/10,2020-08-10T23:03:40.570475,estk_74a9899ddbed77c1b349a48e189ba3d0,evt_74a9899ddbed77c1,Pat Connaughton,NBA,16.92,30.12,16.25,0.18,7.2200,5.4200,8.9200,6.2000
$500 NBA Daily 8/10,2020-08-10T23:03:40.570483,estk_74a9899ddbed77c1d846b1bc06a60007,evt_74a9899ddbed77c1,Marc Gasol,NBA,29.05,27.57,3.75,0.18,6.1500,4.2500,7.7700,5.2000
$500 NBA Daily 8/10,2020-08-10T23:03:40.570487,estk_74a9899ddbed77c104749763bd15faac,evt_74a9899ddbed77c1,Eric Bledsoe,NBA,29.23,27.22,3.25,0.18,5.9900,8.5400,7.7700,4.6400
$500 NBA Daily 8/10,2020-08-10T23:03:40.570502,estk_74a9899ddbed77c1806121a64c461e99,evt_74a9899ddbed77c1,Brook Lopez,NBA,27.4,23.97,1.5,0.18,4.7100,5.5000,6.5900,3.1200
$500 NBA Daily 8/10,2020-08-10T23:03:40.570514,estk_74a9899ddbed77c182db34a5ef5dff8e,evt_74a9899ddbed77c1,OG Anunoby,NBA,23.69,22.18,2.75,0.18,4.0800,3.8300,5.8000,3.1400
$500 NBA Daily 8/10,2020-08-10T23:03:40.570547,estk_74a9899ddbed77c19076cef21a11902c,evt_74a9899ddbed77c1,Donte DiVincenzo,NBA,17.94,18.96,4.25,0.18,2.6000,4.7000,4.0800,1.4600
$500 NBA Daily 8/10,2020-08-10T23:03:40.570554,estk_74a9899ddbed77c18097f00ce37705fe,evt_74a9899ddbed77c1,Marvin Williams,NBA,18.86,16.72,1.25,0.18,2.3900,3.3300,4.3100,1.5600
$500 NBA Daily 8/10,2020-08-10T23:03:40.570566,estk_74a9899ddbed77c1828daf68b6f4025d,evt_74a9899ddbed77c1,George Hill,NBA,18.63,18.28,3,0.18,2.2600,3.2900,4.2600,1.4600
$500 NBA Daily 8/10,2020-08-10T23:03:40.570577,estk_74a9899ddbed77c1f16014e0a040fe5b,evt_74a9899ddbed77c1,Wesley Matthews,NBA,15.77,12.43,-0.5,0.18,1.8900,2.7800,3.6900,1.0500
$500 NBA Daily 8/10,2020-08-10T23:03:40.570591,estk_74a9899ddbed77c1cd439276c8d11f5d,evt_74a9899ddbed77c1,Fred VanVleet,NBA,0,0,0,0.18,1.0000,2.5200,2.5200,
$500 NBA Daily 8/10,2020-08-10T23:03:40.570595,estk_74a9899ddbed77c15cdd05960889fa04,evt_74a9899ddbed77c1,Serge Ibaka,NBA,0,0,0,0.18,1.0000,2.5200,2.5200,
$500 NBA Daily 8/10,2020-08-10T23:03:40.570606,estk_74a9899ddbed77c1cc28fb3568e3a1d6,evt_74a9899ddbed77c1,Kyle Lowry,NBA,0,0,0,0.18,1.0000,2.5200,2.5200,
$500 NBA Daily 8/10,2020-08-10T23:03:40.570613,estk_74a9899ddbed77c112d0c14aa5dfd232,evt_74a9899ddbed77c1,Giannis Antetokounmpo,NBA,0,0,0,0.18,1.0000,2.5200,2.5200,
$500 NBA Daily 8/10,2020-08-10T23:05:41.902145,estk_74a9899ddbed77c17c131e7cfd4ca8ad,evt_74a9899ddbed77c1,Pascal Siakam,NBA,37.12,35.32,5.25,0.19,10.0400,9.2800,12.2000,8.7800
$500 NBA Daily 8/10,2020-08-10T23:05:41.902150,estk_74a9899ddbed77c1f2604b3c6ec43ff2,evt_74a9899ddbed77c1,Khris Middleton,NBA,33.4,34.05,7,0.19,9.3400,8.0500,11.0300,8.2900
$500 NBA Daily 8/10,2020-08-10T23:05:41.902162,estk_74a9899ddbed77c16de03cb5c6424ccc,evt_74a9899ddbed77c1,Norman Powell,NBA,24.01,32.95,13.5,0.19,8.3300,6.4400,10.3400,7.0000
$500 NBA Daily 8/10,2020-08-10T23:05:41.902178,estk_74a9899ddbed77c1b349a48e189ba3d0,evt_74a9899ddbed77c1,Pat Connaughton,NBA,16.92,29.96,16.25,0.19,7.0100,5.4200,8.9200,6.0500
$500 NBA Daily 8/10,2020-08-10T23:05:41.902185,estk_74a9899ddbed77c1d846b1bc06a60007,evt_74a9899ddbed77c1,Marc Gasol,NBA,29.05,27.28,3.75,0.19,5.9100,4.2500,7.7700,4.9100
$500 NBA Daily 8/10,2020-08-10T23:05:41.902193,estk_74a9899ddbed77c104749763bd15faac,evt_74a9899ddbed77c1,Eric Bledsoe,NBA,29.23,26.93,3.25,0.19,5.7600,8.5400,7.7700,4.6400
$500 NBA Daily 8/10,2020-08-10T23:05:41.902207,estk_74a9899ddbed77c1806121a64c461e99,evt_74a9899ddbed77c1,Brook Lopez,NBA,27.4,23.69,1.5,0.19,4.5100,5.5000,6.1000,3.1200
$500 NBA Daily 8/10,2020-08-10T23:05:41.902215,estk_74a9899ddbed77c182db34a5ef5dff8e,evt_74a9899ddbed77c1,OG Anunoby,NBA,23.69,21.94,2.75,0.19,3.9000,3.8300,5.8000,3.0600
$500 NBA Daily 8/10,2020-08-10T23:05:41.902241,estk_74a9899ddbed77c19076cef21a11902c,evt_74a9899ddbed77c1,Donte DiVincenzo,NBA,17.94,18.78,4.25,0.19,3.0200,4.7000,4.5800,1.4600
$500 NBA Daily 8/10,2020-08-10T23:05:41.902244,estk_74a9899ddbed77c1828daf68b6f4025d,evt_74a9899ddbed77c1,George Hill,NBA,18.63,17.59,2.5,0.19,2.8700,3.2900,4.2600,1.4600
$500 NBA Daily 8/10,2020-08-10T23:05:41.902259,estk_74a9899ddbed77c18097f00ce37705fe,evt_74a9899ddbed77c1,Marvin Williams,NBA,18.86,16.53,1.25,0.19,2.5000,3.3300,4.3100,1.5600
$500 NBA Daily 8/10,2020-08-10T23:05:41.902277,estk_74a9899ddbed77c1f16014e0a040fe5b,evt_74a9899ddbed77c1,Wesley Matthews,NBA,15.77,12.27,-0.5,0.19,1.8300,2.7800,3.6900,
$500 NBA Daily 8/10,2020-08-10T23:05:41.902291,estk_74a9899ddbed77c1cd439276c8d11f5d,evt_74a9899ddbed77c1,Fred VanVleet,NBA,0,0,0,0.19,1.0000,2.5200,2.5200,
$500 NBA Daily 8/10,2020-08-10T23:05:41.902295,estk_74a9899ddbed77c15cdd05960889fa04,evt_74a9899ddbed77c1,Serge Ibaka,NBA,0,0,0,0.19,1.0000,2.5200,2.5200,
$500 NBA Daily 8/10,2020-08-10T23:05:41.902306,estk_74a9899ddbed77c1cc28fb3568e3a1d6,evt_74a9899ddbed77c1,Kyle Lowry,NBA,0,0,0,0.19,1.0000,2.5200,2.5200,
$500 NBA Daily 8/10,2020-08-10T23:05:41.902313,estk_74a9899ddbed77c112d0c14aa5dfd232,evt_74a9899ddbed77c1,Giannis Antetokounmpo,NBA,0,0,0,0.19,1.0000,2.5200,2.5200,
$500 NBA Daily 8/10,2020-08-10T23:09:44.558310,estk_74a9899ddbed77c17c131e7cfd4ca8ad,evt_74a9899ddbed77c1,Pascal Siakam,NBA,37.12,33.46,5.25,0.24,9.9200,9.2800,11.6400,8.7800
$500 NBA Daily 8/10,2020-08-10T23:09:44.558316,estk_74a9899ddbed77c1f2604b3c6ec43ff2,evt_74a9899ddbed77c1,Khris Middleton,NBA,33.4,32.38,7,0.24,9.1800,8.0500,11.0300,7.9200
$500 NBA Daily 8/10,2020-08-10T23:09:44.558324,estk_74a9899ddbed77c16de03cb5c6424ccc,evt_74a9899ddbed77c1,Norman Powell,NBA,24.01,31.75,13.5,0.24,8.6000,6.4400,10.3400,7.0000
$500 NBA Daily 8/10,2020-08-10T23:09:44.558342,estk_74a9899ddbed77c1b349a48e189ba3d0,evt_74a9899ddbed77c1,Pat Connaughton,NBA,16.92,29.11,16.25,0.24,7.0500,5.4200,8.9200,6.0500
$500 NBA Daily 8/10,2020-08-10T23:09:44.558353,estk_74a9899ddbed77c1d846b1bc06a60007,evt_74a9899ddbed77c1,Marc Gasol,NBA,29.05,25.83,3.75,0.24,5.7600,4.2500,7.4200,4.8200
$500 NBA Daily 8/10,2020-08-10T23:09:44.558357,estk_74a9899ddbed77c104749763bd15faac,evt_74a9899ddbed77c1,Eric Bledsoe,NBA,29.23,25.46,3.25,0.24,5.6300,8.5400,7.2300,4.6400
$500 NBA Daily 8/10,2020-08-10T23:09:44.558376,estk_74a9899ddbed77c1806121a64c461e99,evt_74a9899ddbed77c1,Brook Lopez,NBA,27.4,22.32,1.5,0.24,4.4000,5.5000,6.0000,3.1200
$500 NBA Daily 8/10,2020-08-10T23:09:44.558380,estk_74a9899ddbed77c182db34a5ef5dff8e,evt_74a9899ddbed77c1,OG Anunoby,NBA,23.69,20.75,2.75,0.24,3.8400,3.8300,5.8000,2.6400
$500 NBA Daily 8/10,2020-08-10T23:09:44.558405,estk_74a9899ddbed77c19076cef21a11902c,evt_74a9899ddbed77c1,Donte DiVincenzo,NBA,17.94,17.88,4.25,0.24,2.9600,4.7000,4.5800,1.4600
$500 NBA Daily 8/10,2020-08-10T23:09:44.558416,estk_74a9899ddbed77c1828daf68b6f4025d,evt_74a9899ddbed77c1,George Hill,NBA,18.63,21.66,7.5,0.24,2.7000,3.2900,4.2600,1.4600
$500 NBA Daily 8/10,2020-08-10T23:09:44.558423,estk_74a9899ddbed77c18097f00ce37705fe,evt_74a9899ddbed77c1,Marvin Williams,NBA,18.86,15.58,1.25,0.24,2.4800,3.3300,4.3100,1.5600
$500 NBA Daily 8/10,2020-08-10T23:09:44.558446,estk_74a9899ddbed77c1f16014e0a040fe5b,evt_74a9899ddbed77c1,Wesley Matthews,NBA,15.77,11.49,-0.5,0.24,1.8000,2.7800,3.6900,
$500 NBA Daily 8/10,2020-08-10T23:09:44.558456,estk_74a9899ddbed77c1cd439276c8d11f5d,evt_74a9899ddbed77c1,Fred VanVleet,NBA,0,0,0,0.24,1.0000,2.5200,2.5200,
$500 NBA Daily 8/10,2020-08-10T23:09:44.558460,estk_74a9899ddbed77c15cdd05960889fa04,evt_74a9899ddbed77c1,Serge Ibaka,NBA,0,0,0,0.24,1.0000,2.5200,2.5200,
$500 NBA Daily 8/10,2020-08-10T23:09:44.558471,estk_74a9899ddbed77c1cc28fb3568e3a1d6,evt_74a9899ddbed77c1,Kyle Lowry,NBA,0,0,0,0.24,1.0000,2.5200,2.5200,
$500 NBA Daily 8/10,2020-08-10T23:09:44.558478,estk_74a9899ddbed77c112d0c14aa5dfd232,evt_74a9899ddbed77c1,Giannis Antetokounmpo,NBA,0,0,0,0.24,1.0000,2.5200,2.5200,
$500 NBA Daily 8/10,2020-08-10T23:12:46.662067,estk_74a9899ddbed77c17c131e7cfd4ca8ad,evt_74a9899ddbed77c1,Pascal Siakam,NBA,37.12,33.09,5.25,0.25,9.0500,9.2800,10.6700,7.3100
$500 NBA Daily 8/10,2020-08-10T23:12:46.662080,estk_74a9899ddbed77c1f2604b3c6ec43ff2,evt_74a9899ddbed77c1,Khris Middleton,NBA,33.4,32.05,7,0.25,8.3800,8.0500,10.0700,6.7500
$500 NBA Daily 8/10,2020-08-10T23:12:46.662084,estk_74a9899ddbed77c16de03cb5c6424ccc,evt_74a9899ddbed77c1,Norman Powell,NBA,24.01,31.51,13.5,0.25,8.0800,6.4400,9.7100,7.0000
$500 NBA Daily 8/10,2020-08-10T23:12:46.662099,estk_74a9899ddbed77c1b349a48e189ba3d0,evt_74a9899ddbed77c1,Pat Connaughton,NBA,16.92,28.94,16.25,0.25,6.7600,5.4200,8.3300,5.6600
$500 NBA Daily 8/10,2020-08-10T23:12:46.662114,estk_74a9899ddbed77c1d846b1bc06a60007,evt_74a9899ddbed77c1,Marc Gasol,NBA,29.05,25.54,3.75,0.25,5.3100,4.2500,6.9200,4.2900
$500 NBA Daily 8/10,2020-08-10T23:12:46.662118,estk_74a9899ddbed77c104749763bd15faac,evt_74a9899ddbed77c1,Eric Bledsoe,NBA,29.23,25.17,3.25,0.25,5.1100,8.5400,6.7100,4.1400
$500 NBA Daily 8/10,2020-08-10T23:12:46.662133,estk_74a9899ddbed77c1806121a64c461e99,evt_74a9899ddbed77c1,Brook Lopez,NBA,27.4,22.05,1.5,0.25,3.9500,5.5000,5.5300,3.1200
$500 NBA Daily 8/10,2020-08-10T23:12:46.662140,estk_74a9899ddbed77c1828daf68b6f4025d,evt_74a9899ddbed77c1,George Hill,NBA,18.63,21.47,7.5,0.25,3.7600,3.2900,5.3000,2.1600
$500 NBA Daily 8/10,2020-08-10T23:12:46.662147,estk_74a9899ddbed77c182db34a5ef5dff8e,evt_74a9899ddbed77c1,OG Anunoby,NBA,23.69,23.27,5.5,0.25,3.5000,3.8300,5.0900,2.6400
$500 NBA Daily 8/10,2020-08-10T23:12:46.662173,estk_74a9899ddbed77c19076cef21a11902c,evt_74a9899ddbed77c1,Donte DiVincenzo,NBA,17.94,17.71,4.25,0.25,2.7600,4.7000,4.5800,1.4600
$500 NBA Daily 8/10,2020-08-10T23:12:46.662190,estk_74a9899ddbed77c18097f00ce37705fe,evt_74a9899ddbed77c1,Marvin Williams,NBA,18.86,15.39,1.25,0.25,2.2800,3.3300,4.3100,1.2000
$500 NBA Daily 8/10,2020-08-10T23:12:46.662201,estk_74a9899ddbed77c1f16014e0a040fe5b,evt_74a9899ddbed77c1,Wesley Matthews,NBA,15.77,11.33,-0.5,0.25,1.6900,2.7800,3.6900,
$500 NBA Daily 8/10,2020-08-10T23:12:46.662211,estk_74a9899ddbed77c1cd439276c8d11f5d,evt_74a9899ddbed77c1,Fred VanVleet,NBA,0,0,0,0.25,1.0000,2.5200,2.5200,
$500 NBA Daily 8/10,2020-08-10T23:12:46.662215,estk_74a9899ddbed77c15cdd05960889fa04,evt_74a9899ddbed77c1,Serge Ibaka,NBA,0,0,0,0.25,1.0000,2.5200,2.5200,
$500 NBA Daily 8/10,2020-08-10T23:12:46.662226,estk_74a9899ddbed77c1cc28fb3568e3a1d6,evt_74a9899ddbed77c1,Kyle Lowry,NBA,0,0,0,0.25,1.0000,2.5200,2.5200,
$500 NBA Daily 8/10,2020-08-10T23:12:46.662233,estk_74a9899ddbed77c112d0c14aa5dfd232,evt_74a9899ddbed77c1,Giannis Antetokounmpo,NBA,0,0,0,0.25,1.0000,2.5200,2.5200,
$500 NBA Daily 8/10,2020-08-10T23:16:49.482404,estk_74a9899ddbed77c17c131e7cfd4ca8ad,evt_74a9899ddbed77c1,Pascal Siakam,NBA,37.12,32.72,5.25,0.26,8.8300,9.2800,10.6700,7.3100
$500 NBA Daily 8/10,2020-08-10T23:16:49.482409,estk_74a9899ddbed77c1f2604b3c6ec43ff2,evt_74a9899ddbed77c1,Khris Middleton,NBA,33.4,31.72,7,0.26,8.2200,8.0500,10.0700,6.7500
$500 NBA Daily 8/10,2020-08-10T23:16:49.482425,estk_74a9899ddbed77c16de03cb5c6424ccc,evt_74a9899ddbed77c1,Norman Powell,NBA,24.01,31.27,13.5,0.26,7.9500,6.4400,9.7100,7.0000
$500 NBA Daily 8/10,2020-08-10T23:16:49.482432,estk_74a9899ddbed77c1b349a48e189ba3d0,evt_74a9899ddbed77c1,Pat Connaughton,NBA,16.92,28.77,16.25,0.26,6.6600,5.4200,8.3300,5.6600
$500 NBA Daily 8/10,2020-08-10T23:16:49.482443,estk_74a9899ddbed77c1d846b1bc06a60007,evt_74a9899ddbed77c1,Marc Gasol,NBA,29.05,25.25,3.75,0.26,5.0900,4.2500,6.9200,4.1800
$500 NBA Daily 8/10,2020-08-10T23:16:49.482451,estk_74a9899ddbed77c104749763bd15faac,evt_74a9899ddbed77c1,Eric Bledsoe,NBA,29.23,24.88,3.25,0.26,4.9400,8.5400,6.7100,4.0900
$500 NBA Daily 8/10,2020-08-10T23:16:49.482462,estk_74a9899ddbed77c182db34a5ef5dff8e,evt_74a9899ddbed77c1,OG Anunoby,NBA,23.69,23.03,5.5,0.26,4.2900,3.8300,5.8800,2.6400
$500 NBA Daily 8/10,2020-08-10T23:16:49.482466,estk_74a9899ddbed77c1806121a64c461e99,evt_74a9899ddbed77c1,Brook Lopez,NBA,27.4,21.78,1.5,0.26,3.8700,5.5000,5.4600,2.9200
$500 NBA Daily 8/10,2020-08-10T23:16:49.482474,estk_74a9899ddbed77c1828daf68b6f4025d,evt_74a9899ddbed77c1,George Hill,NBA,18.63,21.29,7.5,0.26,3.6900,3.2900,5.3000,2.1600
$500 NBA Daily 8/10,2020-08-10T23:16:49.482502,estk_74a9899ddbed77c19076cef21a11902c,evt_74a9899ddbed77c1,Donte DiVincenzo,NBA,17.94,17.53,4.25,0.26,2.6900,4.7000,4.5800,1.4600
$500 NBA Daily 8/10,2020-08-10T23:16:49.482520,estk_74a9899ddbed77c18097f00ce37705fe,evt_74a9899ddbed77c1,Marvin Williams,NBA,18.86,15.21,1.25,0.26,2.2400,3.3300,3.7400,1.2000
$500 NBA Daily 8/10,2020-08-10T23:16:49.482530,estk_74a9899ddbed77c1f16014e0a040fe5b,evt_74a9899ddbed77c1,Wesley Matthews,NBA,15.77,11.17,-0.5,0.26,1.6400,2.7800,3.6900,
$500 NBA Daily 8/10,2020-08-10T23:16:49.482541,estk_74a9899ddbed77c1cd439276c8d11f5d,evt_74a9899ddbed77c1,Fred VanVleet,NBA,0,0,0,0.26,1.0000,2.5200,2.5200,
$500 NBA Daily 8/10,2020-08-10T23:16:49.482545,estk_74a9899ddbed77c15cdd05960889fa04,evt_74a9899ddbed77c1,Serge Ibaka,NBA,0,0,0,0.26,1.0000,2.5200,2.5200,
$500 NBA Daily 8/10,2020-08-10T23:16:49.482556,estk_74a9899ddbed77c1cc28fb3568e3a1d6,evt_74a9899ddbed77c1,Kyle Lowry,NBA,0,0,0,0.26,1.0000,2.5200,2.5200,
$500 NBA Daily 8/10,2020-08-10T23:16:49.482563,estk_74a9899ddbed77c112d0c14aa5dfd232,evt_74a9899ddbed77c1,Giannis Antetokounmpo,NBA,0,0,0,0.26,1.0000,2.5200,2.5200,
$500 NBA Daily 8/10,2020-08-10T23:17:50.174525,estk_74a9899ddbed77c17c131e7cfd4ca8ad,evt_74a9899ddbed77c1,Pascal Siakam,NBA,37.12,32.35,5.25,0.27,8.6800,9.2800,10.6700,7.3100
$500 NBA Daily 8/10,2020-08-10T23:17:50.174531,estk_74a9899ddbed77c1f2604b3c6ec43ff2,evt_74a9899ddbed77c1,Khris Middleton,NBA,33.4,31.38,7,0.27,8.1600,8.0500,10.0700,6.7500
$500 NBA Daily 8/10,2020-08-10T23:17:50.174543,estk_74a9899ddbed77c16de03cb5c6424ccc,evt_74a9899ddbed77c1,Norman Powell,NBA,24.01,31.03,13.5,0.27,7.9100,6.4400,9.7100,7.0000
$500 NBA Daily 8/10,2020-08-10T23:17:50.174554,estk_74a9899ddbed77c1b349a48e189ba3d0,evt_74a9899ddbed77c1,Pat Connaughton,NBA,16.92,28.6,16.25,0.27,6.6200,5.4200,8.3300,5.6600
$500 NBA Daily 8/10,2020-08-10T23:17:50.174569,estk_74a9899ddbed77c1d846b1bc06a60007,evt_74a9899ddbed77c1,Marc Gasol,NBA,29.05,24.96,3.75,0.27,5.0400,4.2500,6.9200,4.1800
$500 NBA Daily 8/10,2020-08-10T23:17:50.174572,estk_74a9899ddbed77c104749763bd15faac,evt_74a9899ddbed77c1,Eric Bledsoe,NBA,29.23,24.59,3.25,0.27,4.9000,8.5400,6.7100,3.5100
$500 NBA Daily 8/10,2020-08-10T23:17:50.174584,estk_74a9899ddbed77c182db34a5ef5dff8e,evt_74a9899ddbed77c1,OG Anunoby,NBA,23.69,24.29,7,0.27,4.2300,3.8300,5.8800,2.6400
$500 NBA Daily 8/10,2020-08-10T23:17:50.174592,estk_74a9899ddbed77c1806121a64c461e99,evt_74a9899ddbed77c1,Brook Lopez,NBA,27.4,21.5,1.5,0.27,3.8100,5.5000,5.4600,2.9200
$500 NBA Daily 8/10,2020-08-10T23:17:50.174599,estk_74a9899ddbed77c1828daf68b6f4025d,evt_74a9899ddbed77c1,George Hill,NBA,18.63,21.1,7.5,0.27,3.6600,3.2900,5.3000,2.1600
$500 NBA Daily 8/10,2020-08-10T23:17:50.174624,estk_74a9899ddbed77c19076cef21a11902c,evt_74a9899ddbed77c1,Donte DiVincenzo,NBA,17.94,17.35,4.25,0.27,2.6600,4.7000,4.5800,1.4600
$500 NBA Daily 8/10,2020-08-10T23:17:50.174642,estk_74a9899ddbed77c18097f00ce37705fe,evt_74a9899ddbed77c1,Marvin Williams,NBA,18.86,15.02,1.25,0.27,2.2000,3.3300,3.7400,1.2000
$500 NBA Daily 8/10,2020-08-10T23:17:50.174653,estk_74a9899ddbed77c1f16014e0a040fe5b,evt_74a9899ddbed77c1,Wesley Matthews,NBA,15.77,11.01,-0.5,0.27,1.6400,2.7800,3.1700,
$500 NBA Daily 8/10,2020-08-10T23:17:50.174664,estk_74a9899ddbed77c1cd439276c8d11f5d,evt_74a9899ddbed77c1,Fred VanVleet,NBA,0,0,0,0.27,1.0000,2.5200,2.5200,
$500 NBA Daily 8/10,2020-08-10T23:17:50.174668,estk_74a9899ddbed77c15cdd05960889fa04,evt_74a9899ddbed77c1,Serge Ibaka,NBA,0,0,0,0.27,1.0000,2.5200,2.5200,
$500 NBA Daily 8/10,2020-08-10T23:17:50.174679,estk_74a9899ddbed77c1cc28fb3568e3a1d6,evt_74a9899ddbed77c1,Kyle Lowry,NBA,0,0,0,0.27,1.0000,2.5200,2.5200,
$500 NBA Daily 8/10,2020-08-10T23:17:50.174686,estk_74a9899ddbed77c112d0c14aa5dfd232,evt_74a9899ddbed77c1,Giannis Antetokounmpo,NBA,0,0,0,0.27,1.0000,2.5200,2.5200,
$500 NBA Daily 8/10,2020-08-10T23:18:50.810501,estk_74a9899ddbed77c17c131e7cfd4ca8ad,evt_74a9899ddbed77c1,Pascal Siakam,NBA,37.12,31.98,5.25,0.28,8.5600,9.2800,10.2300,7.3100
$500 NBA Daily 8/10,2020-08-10T23:18:50.810518,estk_74a9899ddbed77c1f2604b3c6ec43ff2,evt_74a9899ddbed77c1,Khris Middleton,NBA,33.4,31.05,7,0.28,7.9700,8.0500,10.0700,6.7500
$500 NBA Daily 8/10,2020-08-10T23:18:50.810522,estk_74a9899ddbed77c16de03cb5c6424ccc,evt_74a9899ddbed77c1,Norman Powell,NBA,24.01,30.79,13.5,0.28,7.7500,6.4400,9.7100,6.8300
$500 NBA Daily 8/10,2020-08-10T23:18:50.810529,estk_74a9899ddbed77c1b349a48e189ba3d0,evt_74a9899ddbed77c1,Pat Connaughton,NBA,16.92,29.93,17.75,0.28,6.5700,5.4200,8.3300,5.6600
$500 NBA Daily 8/10,2020-08-10T23:18:50.810545,estk_74a9899ddbed77c1d846b1bc06a60007,evt_74a9899ddbed77c1,Marc Gasol,NBA,29.05,24.67,3.75,0.28,4.9200,4.2500,6.9200,3.7100
$500 NBA Daily 8/10,2020-08-10T23:18:50.810548,estk_74a9899ddbed77c104749763bd15faac,evt_74a9899ddbed77c1,Eric Bledsoe,NBA,29.23,24.3,3.25,0.28,4.8300,8.5400,6.7100,3.5100
$500 NBA Daily 8/10,2020-08-10T23:18:50.810555,estk_74a9899ddbed77c182db34a5ef5dff8e,evt_74a9899ddbed77c1,OG Anunoby,NBA,23.69,24.06,7,0.28,4.6600,3.8300,5.8800,2.6400
$500 NBA Daily 8/10,2020-08-10T23:18:50.810567,estk_74a9899ddbed77c1806121a64c461e99,evt_74a9899ddbed77c1,Brook Lopez,NBA,27.4,21.23,1.5,0.28,3.6900,5.5000,5.4600,2.3900
$500 NBA Daily 8/10,2020-08-10T23:18:50.810574,estk_74a9899ddbed77c1828daf68b6f4025d,evt_74a9899ddbed77c1,George Hill,NBA,18.63,20.91,7.5,0.28,3.5800,3.2900,5.3000,2.1600
$500 NBA Daily 8/10,2020-08-10T23:18:50.810599,estk_74a9899ddbed77c19076cef21a11902c,evt_74a9899ddbed77c1,Donte DiVincenzo,NBA,17.94,17.17,4.25,0.28,2.6200,4.7000,4.5800,1.4600
$500 NBA Daily 8/10,2020-08-10T23:18:50.810620,estk_74a9899ddbed77c18097f00ce37705fe,evt_74a9899ddbed77c1,Marvin Williams,NBA,18.86,14.83,1.25,0.28,2.1600,3.3300,3.7400,1.2000
$500 NBA Daily 8/10,2020-08-10T23:18:50.810628,estk_74a9899ddbed77c1f16014e0a040fe5b,evt_74a9899ddbed77c1,Wesley Matthews,NBA,15.77,10.85,-0.5,0.28,1.6200,2.7800,3.1700,
$500 NBA Daily 8/10,2020-08-10T23:18:50.810639,estk_74a9899ddbed77c1cd439276c8d11f5d,evt_74a9899ddbed77c1,Fred VanVleet,NBA,0,0,0,0.28,1.0000,2.5200,2.5200,
$500 NBA Daily 8/10,2020-08-10T23:18:50.810643,estk_74a9899ddbed77c15cdd05960889fa04,evt_74a9899ddbed77c1,Serge Ibaka,NBA,0,0,0,0.28,1.0000,2.5200,2.5200,
$500 NBA Daily 8/10,2020-08-10T23:18:50.810657,estk_74a9899ddbed77c1cc28fb3568e3a1d6,evt_74a9899ddbed77c1,Kyle Lowry,NBA,0,0,0,0.28,1.0000,2.5200,2.5200,
$500 NBA Daily 8/10,2020-08-10T23:18:50.810665,estk_74a9899ddbed77c112d0c14aa5dfd232,evt_74a9899ddbed77c1,Giannis Antetokounmpo,NBA,0,0,0,0.28,1.0000,2.5200,2.5200,
$500 NBA Daily 8/10,2020-08-10T23:20:52.094542,estk_74a9899ddbed77c1b349a48e189ba3d0,evt_74a9899ddbed77c1,Pat Connaughton,NBA,16.92,32.84,21,0.3,8.8000,5.4200,8.8600,5.6600
$500 NBA Daily 8/10,2020-08-10T23:20:52.094559,estk_74a9899ddbed77c17c131e7cfd4ca8ad,evt_74a9899ddbed77c1,Pascal Siakam,NBA,37.12,31.23,5.25,0.3,7.9000,9.2800,9.9700,
$500 NBA Daily 8/10,2020-08-10T23:20:52.094563,estk_74a9899ddbed77c1f2604b3c6ec43ff2,evt_74a9899ddbed77c1,Khris Middleton,NBA,33.4,30.38,7,0.3,7.4900,8.0500,9.4500,6.7500
$500 NBA Daily 8/10,2020-08-10T23:20:52.094567,estk_74a9899ddbed77c16de03cb5c6424ccc,evt_74a9899ddbed77c1,Norman Powell,NBA,24.01,30.31,13.5,0.3,7.4000,6.4400,9.7100,6.4600
$500 NBA Daily 8/10,2020-08-10T23:20:52.094594,estk_74a9899ddbed77c1d846b1bc06a60007,evt_74a9899ddbed77c1,Marc Gasol,NBA,29.05,24.09,3.75,0.3,4.5700,4.2500,6.9200,3.7100
$500 NBA Daily 8/10,2020-08-10T23:20:52.094597,estk_74a9899ddbed77c182db34a5ef5dff8e,evt_74a9899ddbed77c1,OG Anunoby,NBA,23.69,23.58,7,0.3,4.4100,3.8300,5.8800,2.9700
$500 NBA Daily 8/10,2020-08-10T23:20:52.094601,estk_74a9899ddbed77c104749763bd15faac,evt_74a9899ddbed77c1,Eric Bledsoe,NBA,29.23,23.21,2.75,0.3,4.2900,8.5400,6.7100,3.5100
$500 NBA Daily 8/10,2020-08-10T23:20:52.094617,estk_74a9899ddbed77c1806121a64c461e99,evt_74a9899ddbed77c1,Brook Lopez,NBA,27.4,20.68,1.5,0.3,3.4800,5.5000,5.4600,2.3900
$500 NBA Daily 8/10,2020-08-10T23:20:52.094624,estk_74a9899ddbed77c1828daf68b6f4025d,evt_74a9899ddbed77c1,George Hill,NBA,18.63,20.54,7.5,0.3,3.4200,3.2900,5.3000,2.1600
$500 NBA Daily 8/10,2020-08-10T23:20:52.094646,estk_74a9899ddbed77c19076cef21a11902c,evt_74a9899ddbed77c1,Donte DiVincenzo,NBA,17.94,16.81,4.25,0.3,2.4600,4.7000,4.5800,1.4600
$500 NBA Daily 8/10,2020-08-10T23:20:52.094663,estk_74a9899ddbed77c18097f00ce37705fe,evt_74a9899ddbed77c1,Marvin Williams,NBA,18.86,14.45,1.25,0.3,2.0700,3.3300,3.7400,1.2000
$500 NBA Daily 8/10,2020-08-10T23:20:52.094671,estk_74a9899ddbed77c1f16014e0a040fe5b,evt_74a9899ddbed77c1,Wesley Matthews,NBA,15.77,10.54,-0.5,0.3,1.5500,2.7800,3.1700,
$500 NBA Daily 8/10,2020-08-10T23:20:52.094682,estk_74a9899ddbed77c1cd439276c8d11f5d,evt_74a9899ddbed77c1,Fred VanVleet,NBA,0,0,0,0.3,1.0000,2.5200,2.5200,
$500 NBA Daily 8/10,2020-08-10T23:20:52.094686,estk_74a9899ddbed77c15cdd05960889fa04,evt_74a9899ddbed77c1,Serge Ibaka,NBA,0,0,0,0.3,1.0000,2.5200,2.5200,
$500 NBA Daily 8/10,2020-08-10T23:20:52.094697,estk_74a9899ddbed77c1cc28fb3568e3a1d6,evt_74a9899ddbed77c1,Kyle Lowry,NBA,0,0,0,0.3,1.0000,2.5200,2.5200,
$500 NBA Daily 8/10,2020-08-10T23:20:52.094704,estk_74a9899ddbed77c112d0c14aa5dfd232,evt_74a9899ddbed77c1,Giannis Antetokounmpo,NBA,0,0,0,0.3,1.0000,2.5200,2.5200,
$500 NBA Daily 8/10,2020-08-10T23:22:53.478418,estk_74a9899ddbed77c1b349a48e189ba3d0,evt_74a9899ddbed77c1,Pat Connaughton,NBA,16.92,31.84,20.5,0.33,8.8200,5.4200,10.4700,7.1400
$500 NBA Daily 8/10,2020-08-10T23:22:53.478435,estk_74a9899ddbed77c17c131e7cfd4ca8ad,evt_74a9899ddbed77c1,Pascal Siakam,NBA,37.12,30.12,5.25,0.33,7.9700,9.2800,9.5600,6.3200
$500 NBA Daily 8/10,2020-08-10T23:22:53.478438,estk_74a9899ddbed77c1f2604b3c6ec43ff2,evt_74a9899ddbed77c1,Khris Middleton,NBA,33.4,31.38,9,0.33,7.4500,8.0500,9.4500,6.3100
$500 NBA Daily 8/10,2020-08-10T23:22:53.478442,estk_74a9899ddbed77c16de03cb5c6424ccc,evt_74a9899ddbed77c1,Norman Powell,NBA,24.01,29.59,13.5,0.33,7.4000,6.4400,9.0500,6.4600
$500 NBA Daily 8/10,2020-08-10T23:22:53.478464,estk_74a9899ddbed77c1d846b1bc06a60007,evt_74a9899ddbed77c1,Marc Gasol,NBA,29.05,23.21,3.75,0.33,4.5800,4.2500,6.1600,3.7100
$500 NBA Daily 8/10,2020-08-10T23:22:53.478472,estk_74a9899ddbed77c182db34a5ef5dff8e,evt_74a9899ddbed77c1,OG Anunoby,NBA,23.69,22.87,7,0.33,4.4400,5.8800,5.8800,2.9700
$500 NBA Daily 8/10,2020-08-10T23:22:53.478476,estk_74a9899ddbed77c104749763bd15faac,evt_74a9899ddbed77c1,Eric Bledsoe,NBA,29.23,23.58,4,0.33,4.2600,8.5400,5.8800,3.2300
$500 NBA Daily 8/10,2020-08-10T23:22:53.478491,estk_74a9899ddbed77c1806121a64c461e99,evt_74a9899ddbed77c1,Brook Lopez,NBA,27.4,19.36,1,0.33,3.4400,5.0500,5.0300,2.3900
$500 NBA Daily 8/10,2020-08-10T23:22:53.478498,estk_74a9899ddbed77c1828daf68b6f4025d,evt_74a9899ddbed77c1,George Hill,NBA,18.63,19.98,7.5,0.33,3.4100,3.2900,5.3000,2.1600
$500 NBA Daily 8/10,2020-08-10T23:22:53.478519,estk_74a9899ddbed77c19076cef21a11902c,evt_74a9899ddbed77c1,Donte DiVincenzo,NBA,17.94,16.27,4.25,0.33,2.5100,4.7000,4.0100,1.4600
$500 NBA Daily 8/10,2020-08-10T23:22:53.478536,estk_74a9899ddbed77c18097f00ce37705fe,evt_74a9899ddbed77c1,Marvin Williams,NBA,18.86,13.89,1.25,0.33,2.0500,3.7400,3.5900,1.2000
$500 NBA Daily 8/10,2020-08-10T23:22:53.478544,estk_74a9899ddbed77c1f16014e0a040fe5b,evt_74a9899ddbed77c1,Wesley Matthews,NBA,15.77,10.07,-0.5,0.33,1.5400,2.7800,3.1700,
$500 NBA Daily 8/10,2020-08-10T23:22:53.478554,estk_74a9899ddbed77c1cd439276c8d11f5d,evt_74a9899ddbed77c1,Fred VanVleet,NBA,0,0,0,0.33,1.0000,2.5200,2.5200,
$500 NBA Daily 8/10,2020-08-10T23:22:53.478558,estk_74a9899ddbed77c15cdd05960889fa04,evt_74a9899ddbed77c1,Serge Ibaka,NBA,0,0,0,0.33,1.0000,2.5200,2.5200,
$500 NBA Daily 8/10,2020-08-10T23:22:53.478569,estk_74a9899ddbed77c1cc28fb3568e3a1d6,evt_74a9899ddbed77c1,Kyle Lowry,NBA,0,0,0,0.33,1.0000,2.5200,2.5200,
$500 NBA Daily 8/10,2020-08-10T23:22:53.478576,estk_74a9899ddbed77c112d0c14aa5dfd232,evt_74a9899ddbed77c1,Giannis Antetokounmpo,NBA,0,0,0,0.33,1.0000,2.5200,2.5200,
$500 NBA Daily 8/10,2020-08-10T23:26:56.114415,estk_74a9899ddbed77c1b349a48e189ba3d0,evt_74a9899ddbed77c1,Pat Connaughton,NBA,16.92,31.67,20.5,0.34,8.3700,5.4200,9.9800,7.1400
$500 NBA Daily 8/10,2020-08-10T23:26:56.114432,estk_74a9899ddbed77c1f2604b3c6ec43ff2,evt_74a9899ddbed77c1,Khris Middleton,NBA,33.4,30.54,8.5,0.34,8.0400,8.0500,9.4500,6.4000
$500 NBA Daily 8/10,2020-08-10T23:26:56.114435,estk_74a9899ddbed77c17c131e7cfd4ca8ad,evt_74a9899ddbed77c1,Pascal Siakam,NBA,37.12,29.75,5.25,0.34,7.4100,9.2800,9.0600,6.3200
$500 NBA Daily 8/10,2020-08-10T23:26:56.114439,estk_74a9899ddbed77c16de03cb5c6424ccc,evt_74a9899ddbed77c1,Norman Powell,NBA,24.01,30.6,14.75,0.34,7.0800,6.4400,9.0500,5.7500
$500 NBA Daily 8/10,2020-08-10T23:26:56.114465,estk_74a9899ddbed77c104749763bd15faac,evt_74a9899ddbed77c1,Eric Bledsoe,NBA,29.23,23.29,4,0.34,4.4200,8.5400,5.8800,3.2300
$500 NBA Daily 8/10,2020-08-10T23:26:56.114469,estk_74a9899ddbed77c1d846b1bc06a60007,evt_74a9899ddbed77c1,Marc Gasol,NBA,29.05,22.92,3.75,0.34,4.2900,4.2500,6.1600,3.4400
$500 NBA Daily 8/10,2020-08-10T23:26:56.114472,estk_74a9899ddbed77c182db34a5ef5dff8e,evt_74a9899ddbed77c1,OG Anunoby,NBA,23.69,22.64,7,0.34,4.2000,5.8800,5.8800,2.9700
$500 NBA Daily 8/10,2020-08-10T23:26:56.114498,estk_74a9899ddbed77c1828daf68b6f4025d,evt_74a9899ddbed77c1,George Hill,NBA,18.63,19.8,7.5,0.34,3.2600,3.2900,4.8200,2.1600
$500 NBA Daily 8/10,2020-08-10T23:26:56.114502,estk_74a9899ddbed77c1806121a64c461e99,evt_74a9899ddbed77c1,Brook Lopez,NBA,27.4,20.33,2.25,0.34,3.1000,5.0500,4.6200,1.9100
$500 NBA Daily 8/10,2020-08-10T23:26:56.114523,estk_74a9899ddbed77c19076cef21a11902c,evt_74a9899ddbed77c1,Donte DiVincenzo,NBA,17.94,16.09,4.25,0.34,2.3600,4.7000,4.0100,1.4600
$500 NBA Daily 8/10,2020-08-10T23:26:56.114534,estk_74a9899ddbed77c18097f00ce37705fe,evt_74a9899ddbed77c1,Marvin Williams,NBA,18.86,13.7,1.25,0.34,1.9300,3.7400,3.5900,1.1300
$500 NBA Daily 8/10,2020-08-10T23:26:56.114541,estk_74a9899ddbed77c1f16014e0a040fe5b,evt_74a9899ddbed77c1,Wesley Matthews,NBA,15.77,9.91,-0.5,0.34,1.4800,2.7800,3.1700,
$500 NBA Daily 8/10,2020-08-10T23:26:56.114553,estk_74a9899ddbed77c1cd439276c8d11f5d,evt_74a9899ddbed77c1,Fred VanVleet,NBA,0,0,0,0.34,1.0000,2.5200,2.5200,
$500 NBA Daily 8/10,2020-08-10T23:26:56.114556,estk_74a9899ddbed77c15cdd05960889fa04,evt_74a9899ddbed77c1,Serge Ibaka,NBA,0,0,0,0.34,1.0000,2.5200,2.5200,
$500 NBA Daily 8/10,2020-08-10T23:26:56.114567,estk_74a9899ddbed77c1cc28fb3568e3a1d6,evt_74a9899ddbed77c1,Kyle Lowry,NBA,0,0,0,0.34,1.0000,2.5200,2.5200,
$500 NBA Daily 8/10,2020-08-10T23:26:56.114575,estk_74a9899ddbed77c112d0c14aa5dfd232,evt_74a9899ddbed77c1,Giannis Antetokounmpo,NBA,0,0,0,0.34,1.0000,2.5200,2.5200,
$500 NBA Daily 8/10,2020-08-10T23:27:56.763468,estk_74a9899ddbed77c1b349a48e189ba3d0,evt_74a9899ddbed77c1,Pat Connaughton,NBA,16.92,31.33,20.5,0.36,8.2700,5.4200,9.9400,7.1400
$500 NBA Daily 8/10,2020-08-10T23:27:56.763477,estk_74a9899ddbed77c1f2604b3c6ec43ff2,evt_74a9899ddbed77c1,Khris Middleton,NBA,33.4,29.88,8.5,0.36,7.6000,8.0500,9.4500,6.4000
$500 NBA Daily 8/10,2020-08-10T23:27:56.763481,estk_74a9899ddbed77c16de03cb5c6424ccc,evt_74a9899ddbed77c1,Norman Powell,NBA,24.01,30.12,14.75,0.36,7.5700,6.4400,9.0500,5.7500
$500 NBA Daily 8/10,2020-08-10T23:27:56.763485,estk_74a9899ddbed77c17c131e7cfd4ca8ad,evt_74a9899ddbed77c1,Pascal Siakam,NBA,37.12,29.01,5.25,0.36,7.2100,9.2800,9.0600,6.3100
$500 NBA Daily 8/10,2020-08-10T23:27:56.763512,estk_74a9899ddbed77c104749763bd15faac,evt_74a9899ddbed77c1,Eric Bledsoe,NBA,29.23,22.71,4,0.36,4.3300,8.5400,5.8800,3.2300
$500 NBA Daily 8/10,2020-08-10T23:27:56.763515,estk_74a9899ddbed77c1d846b1bc06a60007,evt_74a9899ddbed77c1,Marc Gasol,NBA,29.05,22.34,3.75,0.36,4.2100,4.2500,6.1600,3.3200
$500 NBA Daily 8/10,2020-08-10T23:27:56.763519,estk_74a9899ddbed77c182db34a5ef5dff8e,evt_74a9899ddbed77c1,OG Anunoby,NBA,23.69,22.16,7,0.36,4.0700,5.8800,5.8800,2.9700
$500 NBA Daily 8/10,2020-08-10T23:27:56.763542,estk_74a9899ddbed77c1806121a64c461e99,evt_74a9899ddbed77c1,Brook Lopez,NBA,27.4,19.79,2.25,0.36,3.3800,5.0500,4.6200,1.9100
$500 NBA Daily 8/10,2020-08-10T23:27:56.763549,estk_74a9899ddbed77c1828daf68b6f4025d,evt_74a9899ddbed77c1,George Hill,NBA,18.63,22.92,11,0.36,3.2300,3.2900,4.7900,2.1600
$500 NBA Daily 8/10,2020-08-10T23:27:56.763574,estk_74a9899ddbed77c19076cef21a11902c,evt_74a9899ddbed77c1,Donte DiVincenzo,NBA,17.94,15.73,4.25,0.36,2.3100,4.7000,4.0100,1.4600
$500 NBA Daily 8/10,2020-08-10T23:27:56.763585,estk_74a9899ddbed77c18097f00ce37705fe,evt_74a9899ddbed77c1,Marvin Williams,NBA,18.86,14.82,2.75,0.36,1.9100,3.7400,3.5900,
$500 NBA Daily 8/10,2020-08-10T23:27:56.763592,estk_74a9899ddbed77c1f16014e0a040fe5b,evt_74a9899ddbed77c1,Wesley Matthews,NBA,15.77,9.59,-0.5,0.36,1.4600,2.7800,3.1700,
$500 NBA Daily 8/10,2020-08-10T23:27:56.763600,estk_74a9899ddbed77c1cd439276c8d11f5d,evt_74a9899ddbed77c1,Fred VanVleet,NBA,0,0,0,0.36,1.0000,2.5200,2.5200,
$500 NBA Daily 8/10,2020-08-10T23:27:56.763603,estk_74a9899ddbed77c15cdd05960889fa04,evt_74a9899ddbed77c1,Serge Ibaka,NBA,0,0,0,0.36,1.0000,2.5200,2.5200,
$500 NBA Daily 8/10,2020-08-10T23:27:56.763614,estk_74a9899ddbed77c1cc28fb3568e3a1d6,evt_74a9899ddbed77c1,Kyle Lowry,NBA,0,0,0,0.36,1.0000,2.5200,2.5200,
$500 NBA Daily 8/10,2020-08-10T23:27:56.763622,estk_74a9899ddbed77c112d0c14aa5dfd232,evt_74a9899ddbed77c1,Giannis Antetokounmpo,NBA,0,0,0,0.36,1.0000,2.5200,2.5200,
$500 NBA Daily 8/10,2020-08-10T23:28:57.457877,estk_74a9899ddbed77c1b349a48e189ba3d0,evt_74a9899ddbed77c1,Pat Connaughton,NBA,16.92,31.16,20.5,0.37,8.0700,5.4200,9.9400,7.1400
$500 NBA Daily 8/10,2020-08-10T23:28:57.457882,estk_74a9899ddbed77c16de03cb5c6424ccc,evt_74a9899ddbed77c1,Norman Powell,NBA,24.01,29.88,14.75,0.37,7.4600,6.4400,9.0500,5.8100
$500 NBA Daily 8/10,2020-08-10T23:28:57.457886,estk_74a9899ddbed77c1f2604b3c6ec43ff2,evt_74a9899ddbed77c1,Khris Middleton,NBA,33.4,29.54,8.5,0.37,7.2500,8.0500,8.9000,6.3100
$500 NBA Daily 8/10,2020-08-10T23:28:57.457894,estk_74a9899ddbed77c17c131e7cfd4ca8ad,evt_74a9899ddbed77c1,Pascal Siakam,NBA,37.12,30.64,7.25,0.37,6.8000,9.2800,8.4400,5.7600
$500 NBA Daily 8/10,2020-08-10T23:28:57.457916,estk_74a9899ddbed77c1828daf68b6f4025d,evt_74a9899ddbed77c1,George Hill,NBA,18.63,24.24,12.5,0.37,4.2000,3.2900,5.7800,2.6200
$500 NBA Daily 8/10,2020-08-10T23:28:57.457920,estk_74a9899ddbed77c104749763bd15faac,evt_74a9899ddbed77c1,Eric Bledsoe,NBA,29.23,22.41,4,0.37,4.1100,8.5400,5.8800,3.2300
$500 NBA Daily 8/10,2020-08-10T23:28:57.457927,estk_74a9899ddbed77c1d846b1bc06a60007,evt_74a9899ddbed77c1,Marc Gasol,NBA,29.05,23.55,5.25,0.37,3.9600,4.2500,5.5400,2.9900
$500 NBA Daily 8/10,2020-08-10T23:28:57.457931,estk_74a9899ddbed77c182db34a5ef5dff8e,evt_74a9899ddbed77c1,OG Anunoby,NBA,23.69,21.92,7,0.37,3.9100,5.8800,5.4900,2.9700
$500 NBA Daily 8/10,2020-08-10T23:28:57.457953,estk_74a9899ddbed77c1806121a64c461e99,evt_74a9899ddbed77c1,Brook Lopez,NBA,27.4,19.51,2.25,0.37,3.1700,5.0500,4.6200,1.9100
$500 NBA Daily 8/10,2020-08-10T23:28:57.457977,estk_74a9899ddbed77c19076cef21a11902c,evt_74a9899ddbed77c1,Donte DiVincenzo,NBA,17.94,15.55,4.25,0.37,2.2300,4.7000,4.0100,1.3800
$500 NBA Daily 8/10,2020-08-10T23:28:57.457984,estk_74a9899ddbed77c18097f00ce37705fe,evt_74a9899ddbed77c1,Marvin Williams,NBA,18.86,18.13,6.25,0.37,2.0600,3.7400,3.5900,
$500 NBA Daily 8/10,2020-08-10T23:28:57.457996,estk_74a9899ddbed77c1f16014e0a040fe5b,evt_74a9899ddbed77c1,Wesley Matthews,NBA,15.77,9.44,-0.5,0.37,1.4300,2.7800,3.1700,
$500 NBA Daily 8/10,2020-08-10T23:28:57.458002,estk_74a9899ddbed77c1cd439276c8d11f5d,evt_74a9899ddbed77c1,Fred VanVleet,NBA,0,0,0,0.37,1.0000,2.5200,2.5200,
$500 NBA Daily 8/10,2020-08-10T23:28:57.458006,estk_74a9899ddbed77c15cdd05960889fa04,evt_74a9899ddbed77c1,Serge Ibaka,NBA,0,0,0,0.37,1.0000,2.5200,2.5200,
$500 NBA Daily 8/10,2020-08-10T23:28:57.458017,estk_74a9899ddbed77c1cc28fb3568e3a1d6,evt_74a9899ddbed77c1,Kyle Lowry,NBA,0,0,0,0.37,1.0000,2.5200,2.5200,
$500 NBA Daily 8/10,2020-08-10T23:28:57.458025,estk_74a9899ddbed77c112d0c14aa5dfd232,evt_74a9899ddbed77c1,Giannis Antetokounmpo,NBA,0,0,0,0.37,1.0000,2.5200,2.5200,
$500 NBA Daily 8/10,2020-08-10T23:30:58.785990,estk_74a9899ddbed77c1b349a48e189ba3d0,evt_74a9899ddbed77c1,Pat Connaughton,NBA,16.92,30.82,20.5,0.39,7.8700,5.4200,9.9400,6.4100
$500 NBA Daily 8/10,2020-08-10T23:30:58.785996,estk_74a9899ddbed77c17c131e7cfd4ca8ad,evt_74a9899ddbed77c1,Pascal Siakam,NBA,37.12,30.64,8,0.39,7.5900,9.2800,9.2400,5.9400
$500 NBA Daily 8/10,2020-08-10T23:30:58.786000,estk_74a9899ddbed77c16de03cb5c6424ccc,evt_74a9899ddbed77c1,Norman Powell,NBA,24.01,32.9,18.25,0.39,7.2700,6.4400,9.0500,5.8100
$500 NBA Daily 8/10,2020-08-10T23:30:58.786008,estk_74a9899ddbed77c1f2604b3c6ec43ff2,evt_74a9899ddbed77c1,Khris Middleton,NBA,33.4,30.87,10.5,0.39,7.0100,8.0500,8.9000,5.8400
$500 NBA Daily 8/10,2020-08-10T23:30:58.786029,estk_74a9899ddbed77c1828daf68b6f4025d,evt_74a9899ddbed77c1,George Hill,NBA,18.63,23.36,12,0.39,4.5700,3.2900,5.7800,2.9800
$500 NBA Daily 8/10,2020-08-10T23:30:58.786033,estk_74a9899ddbed77c1d846b1bc06a60007,evt_74a9899ddbed77c1,Marc Gasol,NBA,29.05,24.72,7,0.39,4.2900,4.2500,5.5400,2.9900
$500 NBA Daily 8/10,2020-08-10T23:30:58.786040,estk_74a9899ddbed77c104749763bd15faac,evt_74a9899ddbed77c1,Eric Bledsoe,NBA,29.23,21.83,4,0.39,3.9600,8.5400,5.8800,3.0800
$500 NBA Daily 8/10,2020-08-10T23:30:58.786048,estk_74a9899ddbed77c182db34a5ef5dff8e,evt_74a9899ddbed77c1,OG Anunoby,NBA,23.69,21.45,7,0.39,3.7700,5.8800,5.3500,2.8300
$500 NBA Daily 8/10,2020-08-10T23:30:58.786067,estk_74a9899ddbed77c1806121a64c461e99,evt_74a9899ddbed77c1,Brook Lopez,NBA,27.4,18.96,2.25,0.39,3.0300,5.0500,4.6200,1.9100
$500 NBA Daily 8/10,2020-08-10T23:30:58.786078,estk_74a9899ddbed77c18097f00ce37705fe,evt_74a9899ddbed77c1,Marvin Williams,NBA,18.86,17.75,6.25,0.39,2.6700,3.7400,3.7400,1.1200
$500 NBA Daily 8/10,2020-08-10T23:30:58.786099,estk_74a9899ddbed77c19076cef21a11902c,evt_74a9899ddbed77c1,Donte DiVincenzo,NBA,17.94,14.69,3.75,0.39,2.1600,4.7000,4.0100,1.3100
$500 NBA Daily 8/10,2020-08-10T23:30:58.786110,estk_74a9899ddbed77c1f16014e0a040fe5b,evt_74a9899ddbed77c1,Wesley Matthews,NBA,15.77,9.12,-0.5,0.39,1.3900,2.7800,3.1700,
$500 NBA Daily 8/10,2020-08-10T23:30:58.786117,estk_74a9899ddbed77c1cd439276c8d11f5d,evt_74a9899ddbed77c1,Fred VanVleet,NBA,0,0,0,0.39,1.0000,2.5200,2.5200,
$500 NBA Daily 8/10,2020-08-10T23:30:58.786121,estk_74a9899ddbed77c15cdd05960889fa04,evt_74a9899ddbed77c1,Serge Ibaka,NBA,0,0,0,0.39,1.0000,2.5200,2.5200,
$500 NBA Daily 8/10,2020-08-10T23:30:58.786132,estk_74a9899ddbed77c1cc28fb3568e3a1d6,evt_74a9899ddbed77c1,Kyle Lowry,NBA,0,0,0,0.39,1.0000,2.5200,2.5200,
$500 NBA Daily 8/10,2020-08-10T23:30:58.786139,estk_74a9899ddbed77c112d0c14aa5dfd232,evt_74a9899ddbed77c1,Giannis Antetokounmpo,NBA,0,0,0,0.39,1.0000,2.5200,2.5200,
$500 NBA Daily 8/10,2020-08-10T23:31:59.434300,estk_74a9899ddbed77c16de03cb5c6424ccc,evt_74a9899ddbed77c1,Norman Powell,NBA,24.01,36.42,22.25,0.41,8.8600,6.4400,10.5400,
$500 NBA Daily 8/10,2020-08-10T23:31:59.434317,estk_74a9899ddbed77c1b349a48e189ba3d0,evt_74a9899ddbed77c1,Pat Connaughton,NBA,16.92,30.48,20.5,0.41,7.6700,5.4200,9.3200,6.4100
$500 NBA Daily 8/10,2020-08-10T23:31:59.434320,estk_74a9899ddbed77c17c131e7cfd4ca8ad,evt_74a9899ddbed77c1,Pascal Siakam,NBA,37.12,30.65,8.75,0.41,7.6300,9.2800,9.2400,5.9400
$500 NBA Daily 8/10,2020-08-10T23:31:59.434324,estk_74a9899ddbed77c1f2604b3c6ec43ff2,evt_74a9899ddbed77c1,Khris Middleton,NBA,33.4,29.71,10,0.41,7.5800,8.0500,8.9000,5.9300
$500 NBA Daily 8/10,2020-08-10T23:31:59.434346,estk_74a9899ddbed77c1d846b1bc06a60007,evt_74a9899ddbed77c1,Marc Gasol,NBA,29.05,24.14,7,0.41,4.7400,4.2500,6.3300,3.1500
$500 NBA Daily 8/10,2020-08-10T23:31:59.434354,estk_74a9899ddbed77c1828daf68b6f4025d,evt_74a9899ddbed77c1,George Hill,NBA,18.63,22.99,12,0.41,4.2300,3.2900,5.7800,2.9800
$500 NBA Daily 8/10,2020-08-10T23:31:59.434365,estk_74a9899ddbed77c104749763bd15faac,evt_74a9899ddbed77c1,Eric Bledsoe,NBA,29.23,21.25,4,0.41,3.6900,8.5400,5.2600,2.7400
$500 NBA Daily 8/10,2020-08-10T23:31:59.434369,estk_74a9899ddbed77c182db34a5ef5dff8e,evt_74a9899ddbed77c1,OG Anunoby,NBA,23.69,20.98,7,0.41,3.5800,5.8800,5.3500,2.6400
$500 NBA Daily 8/10,2020-08-10T23:31:59.434394,estk_74a9899ddbed77c1806121a64c461e99,evt_74a9899ddbed77c1,Brook Lopez,NBA,27.4,17.42,1.25,0.41,2.8300,5.0500,4.3900,1.9100
$500 NBA Daily 8/10,2020-08-10T23:31:59.434402,estk_74a9899ddbed77c18097f00ce37705fe,evt_74a9899ddbed77c1,Marvin Williams,NBA,18.86,17.38,6.25,0.41,2.5600,3.7400,3.7400,1.1200
$500 NBA Daily 8/10,2020-08-10T23:31:59.434420,estk_74a9899ddbed77c19076cef21a11902c,evt_74a9899ddbed77c1,Donte DiVincenzo,NBA,17.94,16.33,5.75,0.41,1.9800,4.7000,3.5200,1.1500
$500 NBA Daily 8/10,2020-08-10T23:31:59.434431,estk_74a9899ddbed77c1f16014e0a040fe5b,evt_74a9899ddbed77c1,Wesley Matthews,NBA,15.77,8.8,-0.5,0.41,1.3400,2.7800,3.1700,
$500 NBA Daily 8/10,2020-08-10T23:31:59.434438,estk_74a9899ddbed77c1cd439276c8d11f5d,evt_74a9899ddbed77c1,Fred VanVleet,NBA,0,0,0,0.41,1.0000,2.5200,2.5200,
$500 NBA Daily 8/10,2020-08-10T23:31:59.434442,estk_74a9899ddbed77c15cdd05960889fa04,evt_74a9899ddbed77c1,Serge Ibaka,NBA,0,0,0,0.41,1.0000,2.5200,2.5200,
$500 NBA Daily 8/10,2020-08-10T23:31:59.434453,estk_74a9899ddbed77c1cc28fb3568e3a1d6,evt_74a9899ddbed77c1,Kyle Lowry,NBA,0,0,0,0.41,1.0000,2.5200,2.5200,
$500 NBA Daily 8/10,2020-08-10T23:31:59.434460,estk_74a9899ddbed77c112d0c14aa5dfd232,evt_74a9899ddbed77c1,Giannis Antetokounmpo,NBA,0,0,0,0.41,1.0000,2.5200,2.5200,
$500 NBA Daily 8/10,2020-08-10T23:34:00.862463,estk_74a9899ddbed77c16de03cb5c6424ccc,evt_74a9899ddbed77c1,Norman Powell,NBA,24.01,37.18,23.25,0.42,10.9400,6.4400,12.6800,9.2400
$500 NBA Daily 8/10,2020-08-10T23:34:00.862487,estk_74a9899ddbed77c17c131e7cfd4ca8ad,evt_74a9899ddbed77c1,Pascal Siakam,NBA,37.12,30.28,8.75,0.42,7.4600,9.2800,9.2400,5.9400
$500 NBA Daily 8/10,2020-08-10T23:34:00.862491,estk_74a9899ddbed77c1b349a48e189ba3d0,evt_74a9899ddbed77c1,Pat Connaughton,NBA,16.92,30.31,20.5,0.42,7.4500,5.4200,9.3200,6.4100
$500 NBA Daily 8/10,2020-08-10T23:34:00.862495,estk_74a9899ddbed77c1f2604b3c6ec43ff2,evt_74a9899ddbed77c1,Khris Middleton,NBA,33.4,29.37,10,0.42,7.0600,8.0500,8.9000,5.9300
$500 NBA Daily 8/10,2020-08-10T23:34:00.862521,estk_74a9899ddbed77c1d846b1bc06a60007,evt_74a9899ddbed77c1,Marc Gasol,NBA,29.05,23.85,7,0.42,4.4900,4.2500,6.3300,3.1500
$500 NBA Daily 8/10,2020-08-10T23:34:00.862525,estk_74a9899ddbed77c1828daf68b6f4025d,evt_74a9899ddbed77c1,George Hill,NBA,18.63,26.31,15.5,0.42,4.0600,3.2900,5.7800,2.9800
$500 NBA Daily 8/10,2020-08-10T23:34:00.862540,estk_74a9899ddbed77c104749763bd15faac,evt_74a9899ddbed77c1,Eric Bledsoe,NBA,29.23,20.95,4,0.42,3.4800,8.5400,5.2600,2.5300
$500 NBA Daily 8/10,2020-08-10T23:34:00.862550,estk_74a9899ddbed77c182db34a5ef5dff8e,evt_74a9899ddbed77c1,OG Anunoby,NBA,23.69,20.74,7,0.42,3.3700,5.8800,4.9600,2.5400
$500 NBA Daily 8/10,2020-08-10T23:34:00.862572,estk_74a9899ddbed77c1806121a64c461e99,evt_74a9899ddbed77c1,Brook Lopez,NBA,27.4,17.14,1.25,0.42,2.4600,5.0500,4.0100,1.6100
$500 NBA Daily 8/10,2020-08-10T23:34:00.862576,estk_74a9899ddbed77c18097f00ce37705fe,evt_74a9899ddbed77c1,Marvin Williams,NBA,18.86,17.19,6.25,0.42,2.4600,3.7400,3.7400,1.1200
$500 NBA Daily 8/10,2020-08-10T23:34:00.862587,estk_74a9899ddbed77c19076cef21a11902c,evt_74a9899ddbed77c1,Donte DiVincenzo,NBA,17.94,16.16,5.75,0.42,2.2300,3.5200,3.5200,1.1500
$500 NBA Daily 8/10,2020-08-10T23:34:00.862601,estk_74a9899ddbed77c1f16014e0a040fe5b,evt_74a9899ddbed77c1,Wesley Matthews,NBA,15.77,8.65,-0.5,0.42,1.3000,3.1700,2.8300,
$500 NBA Daily 8/10,2020-08-10T23:34:00.862609,estk_74a9899ddbed77c1cd439276c8d11f5d,evt_74a9899ddbed77c1,Fred VanVleet,NBA,0,0,0,0.42,1.0000,2.5200,2.5200,
$500 NBA Daily 8/10,2020-08-10T23:34:00.862612,estk_74a9899ddbed77c15cdd05960889fa04,evt_74a9899ddbed77c1,Serge Ibaka,NBA,0,0,0,0.42,1.0000,2.5200,2.5200,
$500 NBA Daily 8/10,2020-08-10T23:34:00.862624,estk_74a9899ddbed77c1cc28fb3568e3a1d6,evt_74a9899ddbed77c1,Kyle Lowry,NBA,0,0,0,0.42,1.0000,2.5200,2.5200,
$500 NBA Daily 8/10,2020-08-10T23:34:00.862631,estk_74a9899ddbed77c112d0c14aa5dfd232,evt_74a9899ddbed77c1,Giannis Antetokounmpo,NBA,0,0,0,0.42,1.0000,2.5200,2.5200,
$500 NBA Daily 8/10,2020-08-10T23:35:01.570508,estk_74a9899ddbed77c16de03cb5c6424ccc,evt_74a9899ddbed77c1,Norman Powell,NBA,24.01,38.44,24.75,0.43,11.5000,6.4400,13.2300,9.7700
$500 NBA Daily 8/10,2020-08-10T23:35:01.570532,estk_74a9899ddbed77c17c131e7cfd4ca8ad,evt_74a9899ddbed77c1,Pascal Siakam,NBA,37.12,32.16,11,0.43,7.2800,9.2800,9.2400,5.9400
$500 NBA Daily 8/10,2020-08-10T23:35:01.570536,estk_74a9899ddbed77c1b349a48e189ba3d0,evt_74a9899ddbed77c1,Pat Connaughton,NBA,16.92,30.14,20.5,0.43,7.2500,5.4200,9.3200,6.2100
$500 NBA Daily 8/10,2020-08-10T23:35:01.570544,estk_74a9899ddbed77c1f2604b3c6ec43ff2,evt_74a9899ddbed77c1,Khris Middleton,NBA,33.4,29.04,10,0.43,6.8300,8.0500,8.9000,5.9300
$500 NBA Daily 8/10,2020-08-10T23:35:01.570556,estk_74a9899ddbed77c1828daf68b6f4025d,evt_74a9899ddbed77c1,George Hill,NBA,18.63,26.87,16.25,0.43,5.3400,3.2900,6.9500,3.7300
$500 NBA Daily 8/10,2020-08-10T23:35:01.570570,estk_74a9899ddbed77c1d846b1bc06a60007,evt_74a9899ddbed77c1,Marc Gasol,NBA,29.05,25.56,9,0.43,4.3200,4.2500,6.3300,3.1500
$500 NBA Daily 8/10,2020-08-10T23:35:01.570591,estk_74a9899ddbed77c104749763bd15faac,evt_74a9899ddbed77c1,Eric Bledsoe,NBA,29.23,20.66,4,0.43,3.3500,8.5400,5.2600,2.5300
$500 NBA Daily 8/10,2020-08-10T23:35:01.570598,estk_74a9899ddbed77c182db34a5ef5dff8e,evt_74a9899ddbed77c1,OG Anunoby,NBA,23.69,20.5,7,0.43,3.2700,5.8800,4.8400,2.3300
$500 NBA Daily 8/10,2020-08-10T23:35:01.570621,estk_74a9899ddbed77c1806121a64c461e99,evt_74a9899ddbed77c1,Brook Lopez,NBA,27.4,16.87,1.25,0.43,2.4100,5.0500,4.0100,1.6100
$500 NBA Daily 8/10,2020-08-10T23:35:01.570625,estk_74a9899ddbed77c18097f00ce37705fe,evt_74a9899ddbed77c1,Marvin Williams,NBA,18.86,19.75,9,0.43,2.3700,3.7400,3.7400,1.1200
$500 NBA Daily 8/10,2020-08-10T23:35:01.570632,estk_74a9899ddbed77c19076cef21a11902c,evt_74a9899ddbed77c1,Donte DiVincenzo,NBA,17.94,15.98,5.75,0.43,2.1900,3.5200,3.5200,1.1500
$500 NBA Daily 8/10,2020-08-10T23:35:01.570650,estk_74a9899ddbed77c1f16014e0a040fe5b,evt_74a9899ddbed77c1,Wesley Matthews,NBA,15.77,8.49,-0.5,0.43,1.2800,2.8300,2.8100,
$500 NBA Daily 8/10,2020-08-10T23:35:01.570653,estk_74a9899ddbed77c1cd439276c8d11f5d,evt_74a9899ddbed77c1,Fred VanVleet,NBA,0,0,0,0.43,1.0000,2.5200,2.5200,
$500 NBA Daily 8/10,2020-08-10T23:35:01.570657,estk_74a9899ddbed77c15cdd05960889fa04,evt_74a9899ddbed77c1,Serge Ibaka,NBA,0,0,0,0.43,1.0000,2.5200,2.5200,
$500 NBA Daily 8/10,2020-08-10T23:35:01.570668,estk_74a9899ddbed77c1cc28fb3568e3a1d6,evt_74a9899ddbed77c1,Kyle Lowry,NBA,0,0,0,0.43,1.0000,2.5200,2.5200,
$500 NBA Daily 8/10,2020-08-10T23:35:01.570675,estk_74a9899ddbed77c112d0c14aa5dfd232,evt_74a9899ddbed77c1,Giannis Antetokounmpo,NBA,0,0,0,0.43,1.0000,2.5200,2.5200,
$500 NBA Daily 8/10,2020-08-10T23:38:03.506537,estk_74a9899ddbed77c16de03cb5c6424ccc,evt_74a9899ddbed77c1,Norman Powell,NBA,24.01,36.72,23.75,0.46,12.1500,6.4400,13.9300,10.4500
$500 NBA Daily 8/10,2020-08-10T23:38:03.506550,estk_74a9899ddbed77c17c131e7cfd4ca8ad,evt_74a9899ddbed77c1,Pascal Siakam,NBA,37.12,31.54,11.5,0.46,8.1800,9.2800,9.8900,5.9400
$500 NBA Daily 8/10,2020-08-10T23:38:03.506565,estk_74a9899ddbed77c1b349a48e189ba3d0,evt_74a9899ddbed77c1,Pat Connaughton,NBA,16.92,29.64,20.5,0.46,7.0900,5.4200,8.6600,6.0200
$500 NBA Daily 8/10,2020-08-10T23:38:03.506573,estk_74a9899ddbed77c1f2604b3c6ec43ff2,evt_74a9899ddbed77c1,Khris Middleton,NBA,33.4,28.04,10,0.46,6.5200,8.0500,8.1200,5.3700
$500 NBA Daily 8/10,2020-08-10T23:38:03.506581,estk_74a9899ddbed77c1828daf68b6f4025d,evt_74a9899ddbed77c1,George Hill,NBA,18.63,25.81,15.75,0.46,5.4900,3.2900,6.9500,3.8900
$500 NBA Daily 8/10,2020-08-10T23:38:03.506592,estk_74a9899ddbed77c1d846b1bc06a60007,evt_74a9899ddbed77c1,Marc Gasol,NBA,29.05,25.94,10.25,0.46,4.9000,4.2500,6.3300,3.3300
$500 NBA Daily 8/10,2020-08-10T23:38:03.506625,estk_74a9899ddbed77c104749763bd15faac,evt_74a9899ddbed77c1,Eric Bledsoe,NBA,29.23,25.28,9.5,0.46,3.1800,8.5400,4.7100,1.7800
$500 NBA Daily 8/10,2020-08-10T23:38:03.506629,estk_74a9899ddbed77c182db34a5ef5dff8e,evt_74a9899ddbed77c1,OG Anunoby,NBA,23.69,19.79,7,0.46,3.1700,5.8800,4.8400,2.3300
$500 NBA Daily 8/10,2020-08-10T23:38:03.506640,estk_74a9899ddbed77c18097f00ce37705fe,evt_74a9899ddbed77c1,Marvin Williams,NBA,18.86,18.68,8.5,0.46,2.9500,3.7400,4.2200,1.3600
$500 NBA Daily 8/10,2020-08-10T23:38:03.506658,estk_74a9899ddbed77c1806121a64c461e99,evt_74a9899ddbed77c1,Brook Lopez,NBA,27.4,16.05,1.25,0.46,2.2600,5.0500,3.8200,1.2700
$500 NBA Daily 8/10,2020-08-10T23:38:03.506666,estk_74a9899ddbed77c19076cef21a11902c,evt_74a9899ddbed77c1,Donte DiVincenzo,NBA,17.94,15.44,5.75,0.46,2.0900,3.5200,3.5200,1.1500
$500 NBA Daily 8/10,2020-08-10T23:38:03.506680,estk_74a9899ddbed77c1f16014e0a040fe5b,evt_74a9899ddbed77c1,Wesley Matthews,NBA,15.77,8.02,-0.5,0.46,1.2500,2.8300,2.8100,
$500 NBA Daily 8/10,2020-08-10T23:38:03.506683,estk_74a9899ddbed77c1cd439276c8d11f5d,evt_74a9899ddbed77c1,Fred VanVleet,NBA,0,0,0,0.46,1.0000,2.5200,2.5200,
$500 NBA Daily 8/10,2020-08-10T23:38:03.506687,estk_74a9899ddbed77c15cdd05960889fa04,evt_74a9899ddbed77c1,Serge Ibaka,NBA,0,0,0,0.46,1.0000,2.5200,2.5200,
$500 NBA Daily 8/10,2020-08-10T23:38:03.506699,estk_74a9899ddbed77c1cc28fb3568e3a1d6,evt_74a9899ddbed77c1,Kyle Lowry,NBA,0,0,0,0.46,1.0000,2.5200,2.5200,
$500 NBA Daily 8/10,2020-08-10T23:38:03.506706,estk_74a9899ddbed77c112d0c14aa5dfd232,evt_74a9899ddbed77c1,Giannis Antetokounmpo,NBA,0,0,0,0.46,1.0000,2.5200,2.5200,
$500 NBA Daily 8/10,2020-08-10T23:42:06.254551,estk_74a9899ddbed77c16de03cb5c6424ccc,evt_74a9899ddbed77c1,Norman Powell,NBA,24.01,36.48,23.75,0.47,10.8900,6.4400,12.8300,9.7700
$500 NBA Daily 8/10,2020-08-10T23:42:06.254557,estk_74a9899ddbed77c17c131e7cfd4ca8ad,evt_74a9899ddbed77c1,Pascal Siakam,NBA,37.12,34.17,14.5,0.47,9.4000,9.2800,9.8900,6.2300
$500 NBA Daily 8/10,2020-08-10T23:42:06.254583,estk_74a9899ddbed77c1b349a48e189ba3d0,evt_74a9899ddbed77c1,Pat Connaughton,NBA,16.92,28.97,20,0.47,6.4700,5.4200,8.6600,5.7600
$500 NBA Daily 8/10,2020-08-10T23:42:06.254591,estk_74a9899ddbed77c1f2604b3c6ec43ff2,evt_74a9899ddbed77c1,Khris Middleton,NBA,33.4,27.7,10,0.47,5.8700,8.0500,8.1200,4.4200
$500 NBA Daily 8/10,2020-08-10T23:42:06.254598,estk_74a9899ddbed77c104749763bd15faac,evt_74a9899ddbed77c1,Eric Bledsoe,NBA,29.23,26.24,10.75,0.47,5.1500,8.5400,6.4300,3.2300
$500 NBA Daily 8/10,2020-08-10T23:42:06.254606,estk_74a9899ddbed77c1d846b1bc06a60007,evt_74a9899ddbed77c1,Marc Gasol,NBA,29.05,25.65,10.25,0.47,4.9300,4.2500,6.3300,3.5000
$500 NBA Daily 8/10,2020-08-10T23:42:06.254610,estk_74a9899ddbed77c1828daf68b6f4025d,evt_74a9899ddbed77c1,George Hill,NBA,18.63,25.62,15.75,0.47,4.9200,3.2900,6.9500,3.8900
$500 NBA Daily 8/10,2020-08-10T23:42:06.254650,estk_74a9899ddbed77c182db34a5ef5dff8e,evt_74a9899ddbed77c1,OG Anunoby,NBA,23.69,19.56,7,0.47,2.8400,5.8800,4.4600,2.0100
$500 NBA Daily 8/10,2020-08-10T23:42:06.254657,estk_74a9899ddbed77c18097f00ce37705fe,evt_74a9899ddbed77c1,Marvin Williams,NBA,18.86,18.5,8.5,0.47,2.5600,4.4000,4.2200,1.3600
$500 NBA Daily 8/10,2020-08-10T23:42:06.254676,estk_74a9899ddbed77c1806121a64c461e99,evt_74a9899ddbed77c1,Brook Lopez,NBA,27.4,15.77,1.25,0.47,2.0100,3.8200,3.6200,1.2700
$500 NBA Daily 8/10,2020-08-10T23:42:06.254680,estk_74a9899ddbed77c19076cef21a11902c,evt_74a9899ddbed77c1,Donte DiVincenzo,NBA,17.94,15.26,5.75,0.47,1.9000,3.5200,3.5000,1.1500
$500 NBA Daily 8/10,2020-08-10T23:42:06.254694,estk_74a9899ddbed77c1f16014e0a040fe5b,evt_74a9899ddbed77c1,Wesley Matthews,NBA,15.77,7.86,-0.5,0.47,1.2000,3.1700,3.1700,
$500 NBA Daily 8/10,2020-08-10T23:42:06.254698,estk_74a9899ddbed77c1cd439276c8d11f5d,evt_74a9899ddbed77c1,Fred VanVleet,NBA,0,0,0,0.47,1.0000,2.5200,2.5200,
$500 NBA Daily 8/10,2020-08-10T23:42:06.254702,estk_74a9899ddbed77c15cdd05960889fa04,evt_74a9899ddbed77c1,Serge Ibaka,NBA,0,0,0,0.47,1.0000,2.5200,2.5200,
$500 NBA Daily 8/10,2020-08-10T23:42:06.254713,estk_74a9899ddbed77c1cc28fb3568e3a1d6,evt_74a9899ddbed77c1,Kyle Lowry,NBA,0,0,0,0.47,1.0000,2.5200,2.5200,
$500 NBA Daily 8/10,2020-08-10T23:42:06.254720,estk_74a9899ddbed77c112d0c14aa5dfd232,evt_74a9899ddbed77c1,Giannis Antetokounmpo,NBA,0,0,0,0.47,1.0000,2.5200,2.5200,
$500 NBA Daily 8/10,2020-08-10T23:43:06.929662,estk_74a9899ddbed77c16de03cb5c6424ccc,evt_74a9899ddbed77c1,Norman Powell,NBA,24.01,40.75,28.5,0.49,13.7000,6.4400,12.8300,9.7700
$500 NBA Daily 8/10,2020-08-10T23:43:06.929675,estk_74a9899ddbed77c17c131e7cfd4ca8ad,evt_74a9899ddbed77c1,Pascal Siakam,NBA,37.12,33.43,14.5,0.49,8.8500,9.2800,11.0900,7.7100
$500 NBA Daily 8/10,2020-08-10T23:43:06.929697,estk_74a9899ddbed77c1b349a48e189ba3d0,evt_74a9899ddbed77c1,Pat Connaughton,NBA,16.92,28.13,19.5,0.49,5.9700,5.4200,8.1000,5.4100
$500 NBA Daily 8/10,2020-08-10T23:43:06.929701,estk_74a9899ddbed77c1f2604b3c6ec43ff2,evt_74a9899ddbed77c1,Khris Middleton,NBA,33.4,27.03,10,0.49,5.4900,8.0500,7.4900,4.4200
$500 NBA Daily 8/10,2020-08-10T23:43:06.929709,estk_74a9899ddbed77c1d846b1bc06a60007,evt_74a9899ddbed77c1,Marc Gasol,NBA,29.05,26.57,11.75,0.49,5.2700,4.2500,6.3300,3.5000
$500 NBA Daily 8/10,2020-08-10T23:43:06.929720,estk_74a9899ddbed77c1828daf68b6f4025d,evt_74a9899ddbed77c1,George Hill,NBA,18.63,25.25,15.75,0.49,4.7600,6.9500,6.5200,3.8900
$500 NBA Daily 8/10,2020-08-10T23:43:06.929724,estk_74a9899ddbed77c104749763bd15faac,evt_74a9899ddbed77c1,Eric Bledsoe,NBA,29.23,25.16,10.25,0.49,4.7200,8.5400,6.4300,3.5500
$500 NBA Daily 8/10,2020-08-10T23:43:06.929760,estk_74a9899ddbed77c182db34a5ef5dff8e,evt_74a9899ddbed77c1,OG Anunoby,NBA,23.69,19.08,7,0.49,2.7000,4.4600,4.4000,1.8200
$500 NBA Daily 8/10,2020-08-10T23:43:06.929768,estk_74a9899ddbed77c18097f00ce37705fe,evt_74a9899ddbed77c1,Marvin Williams,NBA,18.86,18.12,8.5,0.49,2.4800,4.4000,4.2200,1.3600
$500 NBA Daily 8/10,2020-08-10T23:43:06.929786,estk_74a9899ddbed77c1806121a64c461e99,evt_74a9899ddbed77c1,Brook Lopez,NBA,27.4,15.22,1.25,0.49,1.9400,3.8200,3.6200,
$500 NBA Daily 8/10,2020-08-10T23:43:06.929793,estk_74a9899ddbed77c19076cef21a11902c,evt_74a9899ddbed77c1,Donte DiVincenzo,NBA,17.94,14.9,5.75,0.49,1.8600,3.5200,3.5000,1.0700
$500 NBA Daily 8/10,2020-08-10T23:43:06.929804,estk_74a9899ddbed77c1f16014e0a040fe5b,evt_74a9899ddbed77c1,Wesley Matthews,NBA,15.77,7.54,-0.5,0.49,1.1800,2.7300,2.7200,
$500 NBA Daily 8/10,2020-08-10T23:43:06.929808,estk_74a9899ddbed77c1cd439276c8d11f5d,evt_74a9899ddbed77c1,Fred VanVleet,NBA,0,0,0,0.49,1.0000,2.5200,2.5200,
$500 NBA Daily 8/10,2020-08-10T23:43:06.929812,estk_74a9899ddbed77c15cdd05960889fa04,evt_74a9899ddbed77c1,Serge Ibaka,NBA,0,0,0,0.49,1.0000,2.5200,2.5200,
$500 NBA Daily 8/10,2020-08-10T23:43:06.929823,estk_74a9899ddbed77c1cc28fb3568e3a1d6,evt_74a9899ddbed77c1,Kyle Lowry,NBA,0,0,0,0.49,1.0000,2.5200,2.5200,
$500 NBA Daily 8/10,2020-08-10T23:43:06.929830,estk_74a9899ddbed77c112d0c14aa5dfd232,evt_74a9899ddbed77c1,Giannis Antetokounmpo,NBA,0,0,0,0.49,1.0000,2.5200,2.5200,
$500 NBA Daily 8/10,2020-08-10T23:45:08.406581,estk_74a9899ddbed77c16de03cb5c6424ccc,evt_74a9899ddbed77c1,Norman Powell,NBA,24.01,40.51,28.5,0.5,13.6900,6.4400,15.4700,11.9300
$500 NBA Daily 8/10,2020-08-10T23:45:08.406594,estk_74a9899ddbed77c17c131e7cfd4ca8ad,evt_74a9899ddbed77c1,Pascal Siakam,NBA,37.12,36.56,18,0.5,8.8400,9.2800,10.5300,7.7100
$500 NBA Daily 8/10,2020-08-10T23:45:08.406616,estk_74a9899ddbed77c1b349a48e189ba3d0,evt_74a9899ddbed77c1,Pat Connaughton,NBA,16.92,27.96,19.5,0.5,5.9900,5.4200,7.5900,4.8400
$500 NBA Daily 8/10,2020-08-10T23:45:08.406620,estk_74a9899ddbed77c1f2604b3c6ec43ff2,evt_74a9899ddbed77c1,Khris Middleton,NBA,33.4,26.7,10,0.5,5.5100,8.0500,7.4900,4.4200
$500 NBA Daily 8/10,2020-08-10T23:45:08.406628,estk_74a9899ddbed77c1d846b1bc06a60007,evt_74a9899ddbed77c1,Marc Gasol,NBA,29.05,27.77,13.25,0.5,5.2800,4.2500,6.8800,3.6600
$500 NBA Daily 8/10,2020-08-10T23:45:08.406643,estk_74a9899ddbed77c1828daf68b6f4025d,evt_74a9899ddbed77c1,George Hill,NBA,18.63,25.06,15.75,0.5,4.7600,6.9500,6.3600,3.8900
$500 NBA Daily 8/10,2020-08-10T23:45:08.406647,estk_74a9899ddbed77c104749763bd15faac,evt_74a9899ddbed77c1,Eric Bledsoe,NBA,29.23,24.87,10.25,0.5,4.6900,8.5400,6.4300,3.5500
$500 NBA Daily 8/10,2020-08-10T23:45:08.406683,estk_74a9899ddbed77c182db34a5ef5dff8e,evt_74a9899ddbed77c1,OG Anunoby,NBA,23.69,18.84,7,0.5,2.7000,4.4600,4.2500,1.8200
$500 NBA Daily 8/10,2020-08-10T23:45:08.406691,estk_74a9899ddbed77c18097f00ce37705fe,evt_74a9899ddbed77c1,Marvin Williams,NBA,18.86,17.93,8.5,0.5,2.4900,4.4000,4.2200,1.3600
$500 NBA Daily 8/10,2020-08-10T23:45:08.406713,estk_74a9899ddbed77c1806121a64c461e99,evt_74a9899ddbed77c1,Brook Lopez,NBA,27.4,14.95,1.25,0.5,1.9100,3.8200,3.4800,
$500 NBA Daily 8/10,2020-08-10T23:45:08.406717,estk_74a9899ddbed77c19076cef21a11902c,evt_74a9899ddbed77c1,Donte DiVincenzo,NBA,17.94,14.72,5.75,0.5,1.8500,3.5200,3.5000,1.0500
$500 NBA Daily 8/10,2020-08-10T23:45:08.406728,estk_74a9899ddbed77c1f16014e0a040fe5b,evt_74a9899ddbed77c1,Wesley Matthews,NBA,15.77,7.38,-0.5,0.5,1.1700,2.7300,2.7200,
$500 NBA Daily 8/10,2020-08-10T23:45:08.406731,estk_74a9899ddbed77c1cd439276c8d11f5d,evt_74a9899ddbed77c1,Fred VanVleet,NBA,0,0,0,0.5,1.0000,2.5200,2.5200,
$500 NBA Daily 8/10,2020-08-10T23:45:08.406735,estk_74a9899ddbed77c15cdd05960889fa04,evt_74a9899ddbed77c1,Serge Ibaka,NBA,0,0,0,0.5,1.0000,2.5200,2.5200,
$500 NBA Daily 8/10,2020-08-10T23:45:08.406746,estk_74a9899ddbed77c1cc28fb3568e3a1d6,evt_74a9899ddbed77c1,Kyle Lowry,NBA,0,0,0,0.5,1.0000,2.5200,2.5200,
$500 NBA Daily 8/10,2020-08-10T23:45:08.406754,estk_74a9899ddbed77c112d0c14aa5dfd232,evt_74a9899ddbed77c1,Giannis Antetokounmpo,NBA,0,0,0,0.5,1.0000,2.5200,2.5200,
$500 NBA Daily 8/10,2020-08-11T00:01:19.394502,estk_74a9899ddbed77c16de03cb5c6424ccc,evt_74a9899ddbed77c1,Norman Powell,NBA,24.01,42.02,30.5,0.52,13.4200,6.4400,15.4700,11.9300
$500 NBA Daily 8/10,2020-08-11T00:01:19.394508,estk_74a9899ddbed77c17c131e7cfd4ca8ad,evt_74a9899ddbed77c1,Pascal Siakam,NBA,37.12,35.82,18,0.52,10.7300,9.2800,12.3900,8.9700
$500 NBA Daily 8/10,2020-08-11T00:01:19.394538,estk_74a9899ddbed77c1b349a48e189ba3d0,evt_74a9899ddbed77c1,Pat Connaughton,NBA,16.92,29.62,21.5,0.52,5.9000,5.4200,7.5900,4.8400
$500 NBA Daily 8/10,2020-08-11T00:01:19.394542,estk_74a9899ddbed77c1d846b1bc06a60007,evt_74a9899ddbed77c1,Marc Gasol,NBA,29.05,28.44,14.5,0.52,5.7800,4.2500,7.4000,3.6600
$500 NBA Daily 8/10,2020-08-11T00:01:19.394549,estk_74a9899ddbed77c1f2604b3c6ec43ff2,evt_74a9899ddbed77c1,Khris Middleton,NBA,33.4,27.53,11.5,0.52,5.2900,8.0500,6.9100,4.2500
$500 NBA Daily 8/10,2020-08-11T00:01:19.394561,estk_74a9899ddbed77c1828daf68b6f4025d,evt_74a9899ddbed77c1,George Hill,NBA,18.63,24.69,15.75,0.52,4.6100,6.9500,6.3600,3.4500
$500 NBA Daily 8/10,2020-08-11T00:01:19.394568,estk_74a9899ddbed77c104749763bd15faac,evt_74a9899ddbed77c1,Eric Bledsoe,NBA,29.23,24.78,10.75,0.52,4.5300,8.5400,6.4300,3.5500
$500 NBA Daily 8/10,2020-08-11T00:01:19.394600,estk_74a9899ddbed77c182db34a5ef5dff8e,evt_74a9899ddbed77c1,OG Anunoby,NBA,23.69,17.87,6.5,0.52,2.6200,4.4600,4.2500,1.7000
$500 NBA Daily 8/10,2020-08-11T00:01:19.394611,estk_74a9899ddbed77c18097f00ce37705fe,evt_74a9899ddbed77c1,Marvin Williams,NBA,18.86,18.8,9.75,0.52,2.4100,4.4000,3.9400,1.3600
$500 NBA Daily 8/10,2020-08-11T00:01:19.394629,estk_74a9899ddbed77c1806121a64c461e99,evt_74a9899ddbed77c1,Brook Lopez,NBA,27.4,16.4,3.25,0.52,1.8700,3.8200,3.4800,
$500 NBA Daily 8/10,2020-08-11T00:01:19.394633,estk_74a9899ddbed77c19076cef21a11902c,evt_74a9899ddbed77c1,Donte DiVincenzo,NBA,17.94,14.36,5.75,0.52,1.8100,3.5200,3.5000,
$500 NBA Daily 8/10,2020-08-11T00:01:19.394644,estk_74a9899ddbed77c1f16014e0a040fe5b,evt_74a9899ddbed77c1,Wesley Matthews,NBA,15.77,7.07,-0.5,0.52,1.1700,2.7300,2.7200,
$500 NBA Daily 8/10,2020-08-11T00:01:19.394648,estk_74a9899ddbed77c1cd439276c8d11f5d,evt_74a9899ddbed77c1,Fred VanVleet,NBA,0,0,0,0.52,1.0000,2.5200,2.5200,
$500 NBA Daily 8/10,2020-08-11T00:01:19.394651,estk_74a9899ddbed77c15cdd05960889fa04,evt_74a9899ddbed77c1,Serge Ibaka,NBA,0,0,0,0.52,1.0000,2.5200,2.5200,
$500 NBA Daily 8/10,2020-08-11T00:01:19.394663,estk_74a9899ddbed77c1cc28fb3568e3a1d6,evt_74a9899ddbed77c1,Kyle Lowry,NBA,0,0,0,0.52,1.0000,2.5200,2.5200,
$500 NBA Daily 8/10,2020-08-11T00:01:19.394670,estk_74a9899ddbed77c112d0c14aa5dfd232,evt_74a9899ddbed77c1,Giannis Antetokounmpo,NBA,0,0,0,0.52,1.0000,2.5200,2.5200,
$500 NBA Daily 8/10,2020-08-11T00:02:20.077756,estk_74a9899ddbed77c16de03cb5c6424ccc,evt_74a9899ddbed77c1,Norman Powell,NBA,24.01,43.54,32.5,0.54,15.5300,6.4400,16.2300,
$500 NBA Daily 8/10,2020-08-11T00:02:20.077767,estk_74a9899ddbed77c17c131e7cfd4ca8ad,evt_74a9899ddbed77c1,Pascal Siakam,NBA,37.12,36.33,19.25,0.54,10.4300,9.2800,11.7700,8.9700
$500 NBA Daily 8/10,2020-08-11T00:02:20.077794,estk_74a9899ddbed77c1b349a48e189ba3d0,evt_74a9899ddbed77c1,Pat Connaughton,NBA,16.92,29.28,21.5,0.54,6.4100,5.4200,8.1500,4.8400
$500 NBA Daily 8/10,2020-08-11T00:02:20.077802,estk_74a9899ddbed77c1d846b1bc06a60007,evt_74a9899ddbed77c1,Marc Gasol,NBA,29.05,27.86,14.5,0.54,5.7200,4.2500,7.4000,4.1100
