name,time,id,event_id,stock_name,sector,fantasy_points_projected,fantasy_points_projected_live,fantasy_points_scored,amount_completed,estimated_price,last_price,ask_price,bid_price
PGA Championship Test Market,2020-08-07T10:39:56.375949,estk_3a1f52a9cf875c348eb46850755a695e,evt_3a1f52a9cf875c34,Xander Schauffele,PGA,78.03,80.52,22,0.25,9.6400,7.0500,11.0300,7.9600
PGA Championship Test Market,2020-08-07T10:39:56.375949,estk_3a1f52a9cf875c34e0b5b2fc83a00c65,evt_3a1f52a9cf875c34,Gary Woodland,PGA,78.98,80.23,21,0.25,9.5200,7.5500,10.8200,7.8200
PGA Championship Test Market,2020-08-07T10:39:56.375949,estk_3a1f52a9cf875c3403fcb99bd098267b,evt_3a1f52a9cf875c34,Patrick Reed,PGA,79.17,80,23,0.28,9.1000,7.6200,10.6400,7.3400
PGA Championship Test Market,2020-08-07T10:39:56.375949,estk_3a1f52a9cf875c34d11048af6a9aa9e4,evt_3a1f52a9cf875c34,Bryson DeChambeau,PGA,78.8,79.1,20,0.25,8.5500,7.3700,10.5200,7.3000
PGA Championship Test Market,2020-08-07T10:39:56.375949,estk_3a1f52a9cf875c34db5881f101cec470,evt_3a1f52a9cf875c34,Justin Rose,PGA,75.99,78.99,22,0.25,8.4200,6.0800,9.9000,7.0300
PGA Championship Test Market,2020-08-07T10:39:56.375949,estk_3a1f52a9cf875c34f659aa7b5b2176ee,evt_3a1f52a9cf875c34,Collin Morikawa,PGA,79.54,78.66,19,0.25,8.3000,7.8000,9.7000,6.7300
PGA Championship Test Market,2020-08-07T10:39:56.375949,estk_3a1f52a9cf875c34f40801c5943c8d94,evt_3a1f52a9cf875c34,Jon Rahm,PGA,79.94,77.95,18,0.25,7.8400,7.9400,9.4300,6.5300
PGA Championship Test Market,2020-08-07T10:39:56.375949,estk_3a1f52a9cf875c34503f60443b3bd112,evt_3a1f52a9cf875c34,Webb Simpson,PGA,80.61,77.46,17,0.25,7.5800,8.2700,9.1600,5.9600
PGA Championship Test Market,2020-08-07T10:39:56.375949,estk_3a1f52a9cf875c34c2291b803160b17e,evt_3a1f52a9cf875c34,Daniel Berger,PGA,75.51,77.63,21,0.25,7.5500,5.8800,9.0200,6.1800
PGA Championship Test Market,2020-08-07T10:39:56.375949,estk_3a1f52a9cf875c34d84407620d2d9cf0,evt_3a1f52a9cf875c34,Tony Finau,PGA,75.05,77.29,21,0.25,7.4200,5.6800,8.8100,5.8900
PGA Championship Test Market,2020-08-07T10:39:56.376948,estk_3a1f52a9cf875c34514f8f232f286c88,evt_3a1f52a9cf875c34,Tiger Woods,PGA,76.3,77.22,20,0.25,7.4100,6.2600,8.8100,5.8900
PGA Championship Test Market,2020-08-07T10:39:56.376948,estk_3a1f52a9cf875c34385c664e153f199a,evt_3a1f52a9cf875c34,Rory McIlroy,PGA,78.84,77.13,18,0.25,7.3900,7.4000,8.9600,5.8800
PGA Championship Test Market,2020-08-07T10:39:56.376948,estk_3a1f52a9cf875c34277e17576c06f23a,evt_3a1f52a9cf875c34,Abraham Ancer,PGA,76.31,76.23,19,0.25,6.7500,6.2300,8.1100,5.3200
PGA Championship Test Market,2020-08-07T10:39:56.376948,estk_3a1f52a9cf875c346e48ec89ea29f9f8,evt_3a1f52a9cf875c34,Justin Thomas,PGA,78.14,75.61,17,0.25,6.4200,7.0500,7.9100,4.9200
PGA Championship Test Market,2020-08-07T10:39:56.376948,estk_3a1f52a9cf875c349cb9fc3fe55be3c0,evt_3a1f52a9cf875c34,Adam Scott,PGA,73.25,74.94,20,0.25,6.1600,4.9900,7.5000,4.8800
PGA Championship Test Market,2020-08-07T10:39:56.376948,estk_3a1f52a9cf875c34077d445dd9eef8da,evt_3a1f52a9cf875c34,Patrick Cantlay,PGA,79.79,74.84,15,0.25,6.0300,7.9100,7.4600,4.5900
PGA Championship Test Market,2020-08-07T10:39:56.376948,estk_3a1f52a9cf875c3433ae0bbc78db2949,evt_3a1f52a9cf875c34,Dustin Johnson,PGA,73.92,74.44,19,0.25,5.7400,7.0600,7.1600,4.5400
PGA Championship Test Market,2020-08-07T10:39:56.376948,estk_3a1f52a9cf875c34527c5abfc1093b26,evt_3a1f52a9cf875c34,Hideki Matsuyama,PGA,73.23,74.19,20,0.26,5.6100,7.1100,6.9300,3.9200
PGA Championship Test Market,2020-08-07T10:39:56.376948,estk_3a1f52a9cf875c346db374755563ce83,evt_3a1f52a9cf875c34,Bubba Watson,PGA,74.72,73.8,20,0.28,5.3500,5.5500,7.0100,4.3300
PGA Championship Test Market,2020-08-07T10:39:56.376948,estk_3a1f52a9cf875c343116b24358a8f507,evt_3a1f52a9cf875c34,Louis Oosthuizen,PGA,73.68,73.26,18,0.25,5.2000,6.4800,6.9200,3.9300
PGA Championship Test Market,2020-08-07T10:39:56.376948,estk_3a1f52a9cf875c34fe200133ec8a6c41,evt_3a1f52a9cf875c34,Tyrrell Hatton,PGA,75.11,72.33,16,0.25,4.8700,6.1300,6.1300,3.3700
PGA Championship Test Market,2020-08-07T10:39:56.376948,estk_3a1f52a9cf875c34dc1e23aa4cb30164,evt_3a1f52a9cf875c34,Marc Leishman,PGA,72.48,72.36,18,0.25,4.8500,6.6600,6.6400,3.8400
PGA Championship Test Market,2020-08-07T10:39:56.376948,estk_3a1f52a9cf875c34e64a0e6fb2b31683,evt_3a1f52a9cf875c34,Rafa Cabrera Bello,PGA,72.99,70.74,16,0.25,4.1400,5.5500,5.5500,2.6900
PGA Championship Test Market,2020-08-07T10:39:56.376948,estk_3a1f52a9cf875c34a8b79a109f7cf8a2,evt_3a1f52a9cf875c34,Byeong Hun An,PGA,72.66,70.14,20,0.31,3.6800,5.5900,5.5900,2.9400
PGA Championship Test Market,2020-08-07T10:39:56.376948,estk_3a1f52a9cf875c34a76c14c8bd8dade9,evt_3a1f52a9cf875c34,Brooks Koepka,PGA,77.56,0,0,1,1.0000,2.5200,2.5200,
PGA Championship Test Market,2020-08-07T10:42:57.497117,estk_3a1f52a9cf875c348eb46850755a695e,evt_3a1f52a9cf875c34,Xander Schauffele,PGA,78.03,80.52,22,0.25,9.4900,7.0500,11.0300,7.9600
PGA Championship Test Market,2020-08-07T10:42:57.497117,estk_3a1f52a9cf875c34e0b5b2fc83a00c65,evt_3a1f52a9cf875c34,Gary Woodland,PGA,78.98,80.23,21,0.25,9.2800,7.5500,10.8200,7.8200
PGA Championship Test Market,2020-08-07T10:42:57.497117,estk_3a1f52a9cf875c3403fcb99bd098267b,evt_3a1f52a9cf875c34,Patrick Reed,PGA,79.17,80,23,0.28,9.1400,7.6200,10.6400,7.3400
PGA Championship Test Market,2020-08-07T10:42:57.497117,estk_3a1f52a9cf875c34d11048af6a9aa9e4,evt_3a1f52a9cf875c34,Bryson DeChambeau,PGA,78.8,79.1,20,0.25,8.6000,7.3700,10.5200,7.3000
PGA Championship Test Market,2020-08-07T10:42:57.497117,estk_3a1f52a9cf875c34db5881f101cec470,evt_3a1f52a9cf875c34,Justin Rose,PGA,75.99,78.99,22,0.25,8.5100,6.0800,9.9000,7.0300
PGA Championship Test Market,2020-08-07T10:42:57.497117,estk_3a1f52a9cf875c34f659aa7b5b2176ee,evt_3a1f52a9cf875c34,Collin Morikawa,PGA,79.54,78.66,19,0.25,8.2700,7.8000,9.7000,6.7300
PGA Championship Test Market,2020-08-07T10:42:57.497117,estk_3a1f52a9cf875c34f40801c5943c8d94,evt_3a1f52a9cf875c34,Jon Rahm,PGA,79.94,77.95,18,0.25,7.8600,7.9400,9.4300,6.5300
PGA Championship Test Market,2020-08-07T10:42:57.497117,estk_3a1f52a9cf875c34c2291b803160b17e,evt_3a1f52a9cf875c34,Daniel Berger,PGA,75.51,77.63,21,0.25,7.6100,5.8800,9.0200,6.1800
PGA Championship Test Market,2020-08-07T10:42:57.497117,estk_3a1f52a9cf875c34503f60443b3bd112,evt_3a1f52a9cf875c34,Webb Simpson,PGA,80.61,77.46,17,0.25,7.5300,8.2700,9.1600,5.9600
PGA Championship Test Market,2020-08-07T10:42:57.497117,estk_3a1f52a9cf875c34385c664e153f199a,evt_3a1f52a9cf875c34,Rory McIlroy,PGA,78.84,77.13,18,0.25,7.4400,7.4000,8.9600,5.8800
PGA Championship Test Market,2020-08-07T10:42:57.497117,estk_3a1f52a9cf875c34514f8f232f286c88,evt_3a1f52a9cf875c34,Tiger Woods,PGA,76.3,77.22,20,0.25,7.3900,6.2600,8.8100,5.8900
PGA Championship Test Market,2020-08-07T10:42:57.497117,estk_3a1f52a9cf875c34d84407620d2d9cf0,evt_3a1f52a9cf875c34,Tony Finau,PGA,75.05,77.29,21,0.25,7.3500,5.6800,8.8100,5.8900
PGA Championship Test Market,2020-08-07T10:42:57.497117,estk_3a1f52a9cf875c34277e17576c06f23a,evt_3a1f52a9cf875c34,Abraham Ancer,PGA,76.31,76.23,19,0.25,6.7700,6.2300,8.1100,5.3200
PGA Championship Test Market,2020-08-07T10:42:57.497117,estk_3a1f52a9cf875c346e48ec89ea29f9f8,evt_3a1f52a9cf875c34,Justin Thomas,PGA,78.14,75.61,17,0.25,6.4000,7.0500,7.9100,4.9200
PGA Championship Test Market,2020-08-07T10:42:57.497117,estk_3a1f52a9cf875c349cb9fc3fe55be3c0,evt_3a1f52a9cf875c34,Adam Scott,PGA,73.25,74.94,20,0.25,6.0600,4.9900,7.5000,4.8800
PGA Championship Test Market,2020-08-07T10:42:57.498113,estk_3a1f52a9cf875c34077d445dd9eef8da,evt_3a1f52a9cf875c34,Patrick Cantlay,PGA,79.79,74.84,15,0.25,5.9800,7.9100,7.4600,4.5900
PGA Championship Test Market,2020-08-07T10:42:57.498113,estk_3a1f52a9cf875c3433ae0bbc78db2949,evt_3a1f52a9cf875c34,Dustin Johnson,PGA,73.92,74.44,19,0.25,5.8700,7.0600,7.1600,4.5400
PGA Championship Test Market,2020-08-07T10:42:57.498113,estk_3a1f52a9cf875c34527c5abfc1093b26,evt_3a1f52a9cf875c34,Hideki Matsuyama,PGA,73.23,74.19,20,0.26,5.7300,7.1100,6.9300,3.9200
PGA Championship Test Market,2020-08-07T10:42:57.498113,estk_3a1f52a9cf875c346db374755563ce83,evt_3a1f52a9cf875c34,Bubba Watson,PGA,74.72,73.8,20,0.28,5.4300,5.5500,7.0100,4.3300
PGA Championship Test Market,2020-08-07T10:42:57.498113,estk_3a1f52a9cf875c343116b24358a8f507,evt_3a1f52a9cf875c34,Louis Oosthuizen,PGA,73.68,73.26,18,0.25,5.2900,6.4800,6.9200,3.9300
PGA Championship Test Market,2020-08-07T10:42:57.498113,estk_3a1f52a9cf875c34dc1e23aa4cb30164,evt_3a1f52a9cf875c34,Marc Leishman,PGA,72.48,72.36,18,0.25,4.8500,6.6600,6.6400,3.8400
PGA Championship Test Market,2020-08-07T10:42:57.498113,estk_3a1f52a9cf875c34fe200133ec8a6c41,evt_3a1f52a9cf875c34,Tyrrell Hatton,PGA,75.11,72.33,16,0.25,4.7700,6.1300,6.1300,3.3700
PGA Championship Test Market,2020-08-07T10:42:57.498113,estk_3a1f52a9cf875c34e64a0e6fb2b31683,evt_3a1f52a9cf875c34,Rafa Cabrera Bello,PGA,72.99,70.74,16,0.25,4.2000,5.5500,5.5500,2.6900
PGA Championship Test Market,2020-08-07T10:42:57.498113,estk_3a1f52a9cf875c34a8b79a109f7cf8a2,evt_3a1f52a9cf875c34,Byeong Hun An,PGA,72.66,70.14,20,0.31,3.7100,5.5900,5.5900,2.9400
PGA Championship Test Market,2020-08-07T10:42:57.498113,estk_3a1f52a9cf875c34a76c14c8bd8dade9,evt_3a1f52a9cf875c34,Brooks Koepka,PGA,77.56,0,0,1,1.0000,2.5200,2.5200,
PGA Championship Test Market,2020-08-07T15:48:49.662750,estk_3a1f52a9cf875c348eb46850755a695e,evt_3a1f52a9cf875c34,Xander Schauffele,PGA,78.03,80.52,22,0.25,9.4300,7.0500,11.0300,7.9600
PGA Championship Test Market,2020-08-07T15:48:49.662779,estk_3a1f52a9cf875c34e0b5b2fc83a00c65,evt_3a1f52a9cf875c34,Gary Woodland,PGA,78.98,80.23,21,0.25,9.2900,7.5500,10.8200,7.8200
PGA Championship Test Market,2020-08-07T15:48:49.662784,estk_3a1f52a9cf875c34d11048af6a9aa9e4,evt_3a1f52a9cf875c34,Bryson DeChambeau,PGA,78.8,80.31,22,0.26,9.2400,7.3700,10.5200,7.5600
PGA Championship Test Market,2020-08-07T15:48:49.662789,estk_3a1f52a9cf875c3403fcb99bd098267b,evt_3a1f52a9cf875c34,Patrick Reed,PGA,79.17,79.21,23,0.29,8.5100,7.6200,10.6400,7.3400
PGA Championship Test Market,2020-08-07T15:48:49.662793,estk_3a1f52a9cf875c34db5881f101cec470,evt_3a1f52a9cf875c34,Justin Rose,PGA,75.99,78.99,22,0.25,8.5100,6.0800,9.9000,7.0300
PGA Championship Test Market,2020-08-07T15:48:49.662797,estk_3a1f52a9cf875c34f659aa7b5b2176ee,evt_3a1f52a9cf875c34,Collin Morikawa,PGA,79.54,78.66,19,0.25,8.2500,7.8000,9.7000,6.7300
PGA Championship Test Market,2020-08-07T15:48:49.662801,estk_3a1f52a9cf875c34f40801c5943c8d94,evt_3a1f52a9cf875c34,Jon Rahm,PGA,79.94,77.95,18,0.25,7.8900,7.9400,9.4300,6.5300
PGA Championship Test Market,2020-08-07T15:48:49.662805,estk_3a1f52a9cf875c34c2291b803160b17e,evt_3a1f52a9cf875c34,Daniel Berger,PGA,75.51,77.63,21,0.25,7.5500,5.8800,9.0200,6.1800
PGA Championship Test Market,2020-08-07T15:48:49.662808,estk_3a1f52a9cf875c34503f60443b3bd112,evt_3a1f52a9cf875c34,Webb Simpson,PGA,80.61,77.46,17,0.25,7.5100,8.2700,9.1600,5.9600
PGA Championship Test Market,2020-08-07T15:48:49.662812,estk_3a1f52a9cf875c34d84407620d2d9cf0,evt_3a1f52a9cf875c34,Tony Finau,PGA,75.05,77.29,21,0.25,7.3800,5.6800,8.8100,5.8900
PGA Championship Test Market,2020-08-07T15:48:49.662816,estk_3a1f52a9cf875c34514f8f232f286c88,evt_3a1f52a9cf875c34,Tiger Woods,PGA,76.3,77.22,20,0.25,7.3300,6.2600,8.8100,5.8900
PGA Championship Test Market,2020-08-07T15:48:49.662820,estk_3a1f52a9cf875c34385c664e153f199a,evt_3a1f52a9cf875c34,Rory McIlroy,PGA,78.84,77.13,18,0.25,7.3000,7.4000,8.9600,5.8800
PGA Championship Test Market,2020-08-07T15:48:49.662824,estk_3a1f52a9cf875c349cb9fc3fe55be3c0,evt_3a1f52a9cf875c34,Adam Scott,PGA,73.25,76.2,22,0.26,6.7900,4.9900,7.8100,4.8800
PGA Championship Test Market,2020-08-07T15:48:49.662827,estk_3a1f52a9cf875c34277e17576c06f23a,evt_3a1f52a9cf875c34,Abraham Ancer,PGA,76.31,76.23,19,0.25,6.7200,6.2300,8.1100,5.3200
PGA Championship Test Market,2020-08-07T15:48:49.662831,estk_3a1f52a9cf875c346e48ec89ea29f9f8,evt_3a1f52a9cf875c34,Justin Thomas,PGA,78.14,75.61,17,0.25,6.4500,7.0500,7.9100,4.9200
PGA Championship Test Market,2020-08-07T15:48:49.662835,estk_3a1f52a9cf875c34077d445dd9eef8da,evt_3a1f52a9cf875c34,Patrick Cantlay,PGA,79.79,74.84,15,0.25,6.0300,7.9100,7.4600,4.5900
PGA Championship Test Market,2020-08-07T15:48:49.662838,estk_3a1f52a9cf875c3433ae0bbc78db2949,evt_3a1f52a9cf875c34,Dustin Johnson,PGA,73.92,74.44,19,0.25,5.8500,7.0600,7.1600,4.5400
PGA Championship Test Market,2020-08-07T15:48:49.662842,estk_3a1f52a9cf875c346db374755563ce83,evt_3a1f52a9cf875c34,Bubba Watson,PGA,74.72,73.8,20,0.28,5.3700,5.5500,7.0100,4.3300
PGA Championship Test Market,2020-08-07T15:48:49.662846,estk_3a1f52a9cf875c34527c5abfc1093b26,evt_3a1f52a9cf875c34,Hideki Matsuyama,PGA,73.23,73.73,21,0.28,5.3200,7.1100,6.9300,3.9200
PGA Championship Test Market,2020-08-07T15:48:49.662850,estk_3a1f52a9cf875c343116b24358a8f507,evt_3a1f52a9cf875c34,Louis Oosthuizen,PGA,73.68,73.26,18,0.25,5.2400,6.4800,6.9200,3.9300
PGA Championship Test Market,2020-08-07T15:48:49.662854,estk_3a1f52a9cf875c34dc1e23aa4cb30164,evt_3a1f52a9cf875c34,Marc Leishman,PGA,72.48,72.36,18,0.25,4.8300,6.6600,6.6400,3.8400
PGA Championship Test Market,2020-08-07T15:48:49.662858,estk_3a1f52a9cf875c34fe200133ec8a6c41,evt_3a1f52a9cf875c34,Tyrrell Hatton,PGA,75.11,72.33,16,0.25,4.7800,6.1300,6.1300,3.3700
PGA Championship Test Market,2020-08-07T15:48:49.662861,estk_3a1f52a9cf875c34e64a0e6fb2b31683,evt_3a1f52a9cf875c34,Rafa Cabrera Bello,PGA,72.99,70.74,16,0.25,4.1300,5.5500,5.5500,2.6900
PGA Championship Test Market,2020-08-07T15:48:49.662865,estk_3a1f52a9cf875c34a8b79a109f7cf8a2,evt_3a1f52a9cf875c34,Byeong Hun An,PGA,72.66,70.41,21,0.32,3.8000,5.5900,5.5900,2.9400
PGA Championship Test Market,2020-08-07T15:48:49.662869,estk_3a1f52a9cf875c34a76c14c8bd8dade9,evt_3a1f52a9cf875c34,Brooks Koepka,PGA,77.56,0,0,1,1.0000,2.5200,2.5200,
PGA Championship Test Market,2020-08-07T15:58:50.325048,estk_3a1f52a9cf875c34d11048af6a9aa9e4,evt_3a1f52a9cf875c34,Bryson DeChambeau,PGA,78.8,79.74,23,0.28,8.8900,7.3700,10.5000,7.6700
PGA Championship Test Market,2020-08-07T15:58:50.325059,estk_3a1f52a9cf875c34f40801c5943c8d94,evt_3a1f52a9cf875c34,Jon Rahm,PGA,79.94,79.16,20,0.26,8.6000,7.9400,10.2300,6.8900
PGA Championship Test Market,2020-08-07T15:58:50.325098,estk_3a1f52a9cf875c349cb9fc3fe55be3c0,evt_3a1f52a9cf875c34,Adam Scott,PGA,73.25,75.74,23,0.28,6.3500,4.9900,7.9700,5.1600
PGA Championship Test Market,2020-08-07T15:58:50.325118,estk_3a1f52a9cf875c346db374755563ce83,evt_3a1f52a9cf875c34,Bubba Watson,PGA,74.72,73.05,20,0.29,4.9700,5.5500,7.0100,4.0900
PGA Championship Test Market,2020-08-07T16:08:50.920715,estk_3a1f52a9cf875c3403fcb99bd098267b,evt_3a1f52a9cf875c34,Patrick Reed,PGA,79.17,78.63,24,0.31,8.0900,7.6200,10.0900,6.8800
PGA Championship Test Market,2020-08-07T16:08:50.920760,estk_3a1f52a9cf875c34527c5abfc1093b26,evt_3a1f52a9cf875c34,Hideki Matsuyama,PGA,73.23,73.99,22,0.29,5.5500,7.1100,6.9300,3.9200
PGA Championship Test Market,2020-08-07T16:08:50.920784,estk_3a1f52a9cf875c34a8b79a109f7cf8a2,evt_3a1f52a9cf875c34,Byeong Hun An,PGA,72.66,70.68,22,0.33,3.9300,5.5900,5.5900,2.9400
PGA Championship Test Market,2020-08-07T16:18:51.614248,estk_3a1f52a9cf875c34d11048af6a9aa9e4,evt_3a1f52a9cf875c34,Bryson DeChambeau,PGA,78.8,78.95,23,0.29,8.9500,7.3700,10.5000,7.6700
PGA Championship Test Market,2020-08-07T16:18:51.614254,estk_3a1f52a9cf875c34f40801c5943c8d94,evt_3a1f52a9cf875c34,Jon Rahm,PGA,79.94,78.56,21,0.28,8.5800,7.9400,10.2300,7.0200
PGA Championship Test Market,2020-08-07T16:18:51.614267,estk_3a1f52a9cf875c3403fcb99bd098267b,evt_3a1f52a9cf875c34,Patrick Reed,PGA,79.17,78.84,25,0.32,8.0000,7.6200,10.0900,6.8800
PGA Championship Test Market,2020-08-07T16:18:51.614276,estk_3a1f52a9cf875c34503f60443b3bd112,evt_3a1f52a9cf875c34,Webb Simpson,PGA,80.61,77.65,18,0.26,7.4500,8.2700,9.1600,5.9600
PGA Championship Test Market,2020-08-07T16:18:51.614299,estk_3a1f52a9cf875c349cb9fc3fe55be3c0,evt_3a1f52a9cf875c34,Adam Scott,PGA,73.25,76.01,24,0.29,6.4700,4.9900,7.9700,5.1600
PGA Championship Test Market,2020-08-07T16:18:51.614319,estk_3a1f52a9cf875c346db374755563ce83,evt_3a1f52a9cf875c34,Bubba Watson,PGA,74.72,72.56,21,0.31,5.0500,5.5500,6.5100,4.0600
PGA Championship Test Market,2020-08-07T16:28:52.141831,estk_3a1f52a9cf875c34d11048af6a9aa9e4,evt_3a1f52a9cf875c34,Bryson DeChambeau,PGA,78.8,79.37,25,0.31,8.9500,7.3700,10.5000,7.6700
PGA Championship Test Market,2020-08-07T16:28:52.141856,estk_3a1f52a9cf875c34503f60443b3bd112,evt_3a1f52a9cf875c34,Webb Simpson,PGA,80.61,77.04,19,0.28,7.4500,8.2700,9.1600,5.9600
PGA Championship Test Market,2020-08-07T16:28:52.141889,estk_3a1f52a9cf875c34527c5abfc1093b26,evt_3a1f52a9cf875c34,Hideki Matsuyama,PGA,73.23,73.53,23,0.31,5.5100,7.1100,6.9300,3.9200
PGA Championship Test Market,2020-08-07T16:28:52.141906,estk_3a1f52a9cf875c34dc1e23aa4cb30164,evt_3a1f52a9cf875c34,Marc Leishman,PGA,72.48,72.64,19,0.26,4.7900,6.6600,6.6400,3.8400
PGA Championship Test Market,2020-08-07T16:28:52.141914,estk_3a1f52a9cf875c34a8b79a109f7cf8a2,evt_3a1f52a9cf875c34,Byeong Hun An,PGA,72.66,68.23,21,0.35,3.9500,5.5900,5.5900,2.9400
PGA Championship Test Market,2020-08-07T16:38:52.771055,estk_3a1f52a9cf875c3403fcb99bd098267b,evt_3a1f52a9cf875c34,Patrick Reed,PGA,79.17,79.04,26,0.33,8.4200,7.6200,10.0900,6.8800
PGA Championship Test Market,2020-08-07T16:38:52.771065,estk_3a1f52a9cf875c34f40801c5943c8d94,evt_3a1f52a9cf875c34,Jon Rahm,PGA,79.94,78.76,22,0.29,8.3500,7.9400,10.2300,7.0200
PGA Championship Test Market,2020-08-07T16:38:52.771098,estk_3a1f52a9cf875c349cb9fc3fe55be3c0,evt_3a1f52a9cf875c34,Adam Scott,PGA,73.25,75.54,25,0.31,6.3300,4.9900,7.9700,5.1600
PGA Championship Test Market,2020-08-07T16:38:52.771125,estk_3a1f52a9cf875c346db374755563ce83,evt_3a1f52a9cf875c34,Bubba Watson,PGA,74.72,71.81,21,0.32,4.5000,5.5500,6.0900,3.4500
PGA Championship Test Market,2020-08-07T16:38:52.771133,estk_3a1f52a9cf875c34a8b79a109f7cf8a2,evt_3a1f52a9cf875c34,Byeong Hun An,PGA,72.66,68.5,22,0.36,3.1400,5.5900,4.6000,2.1400
PGA Championship Test Market,2020-08-07T16:48:53.307773,estk_3a1f52a9cf875c34d11048af6a9aa9e4,evt_3a1f52a9cf875c34,Bryson DeChambeau,PGA,78.8,79.58,26,0.32,9.0200,7.3700,10.5000,7.6700
PGA Championship Test Market,2020-08-07T16:48:53.307787,estk_3a1f52a9cf875c3403fcb99bd098267b,evt_3a1f52a9cf875c34,Patrick Reed,PGA,79.17,78.46,27,0.35,8.0200,7.6200,10.0900,6.8800
PGA Championship Test Market,2020-08-07T16:48:53.307791,estk_3a1f52a9cf875c34f40801c5943c8d94,evt_3a1f52a9cf875c34,Jon Rahm,PGA,79.94,78.16,23,0.31,7.8200,7.9400,9.4800,6.8900
PGA Championship Test Market,2020-08-07T16:48:53.307807,estk_3a1f52a9cf875c34503f60443b3bd112,evt_3a1f52a9cf875c34,Webb Simpson,PGA,80.61,77.23,20,0.29,7.4900,8.2700,9.1600,5.9600
PGA Championship Test Market,2020-08-07T16:48:53.307822,estk_3a1f52a9cf875c349cb9fc3fe55be3c0,evt_3a1f52a9cf875c34,Adam Scott,PGA,73.25,75.81,26,0.32,6.4200,4.9900,7.9700,5.1600
PGA Championship Test Market,2020-08-07T16:48:53.307834,estk_3a1f52a9cf875c34527c5abfc1093b26,evt_3a1f52a9cf875c34,Hideki Matsuyama,PGA,73.23,73.8,24,0.32,5.4100,7.1100,6.8300,4.0800
PGA Championship Test Market,2020-08-07T16:48:53.307845,estk_3a1f52a9cf875c34dc1e23aa4cb30164,evt_3a1f52a9cf875c34,Marc Leishman,PGA,72.48,72.19,20,0.28,4.7200,6.6600,6.6400,3.8400
PGA Championship Test Market,2020-08-07T16:58:53.852549,estk_3a1f52a9cf875c3403fcb99bd098267b,evt_3a1f52a9cf875c34,Patrick Reed,PGA,79.17,79.67,29,0.36,8.8400,7.6200,10.0900,7.1600
PGA Championship Test Market,2020-08-07T16:58:53.852638,estk_3a1f52a9cf875c34527c5abfc1093b26,evt_3a1f52a9cf875c34,Hideki Matsuyama,PGA,73.23,74.06,25,0.33,5.4800,7.1100,6.8300,4.0800
PGA Championship Test Market,2020-08-07T16:58:53.852651,estk_3a1f52a9cf875c346db374755563ce83,evt_3a1f52a9cf875c34,Bubba Watson,PGA,74.72,72.06,22,0.33,4.5300,5.5500,6.0000,3.4500
PGA Championship Test Market,2020-08-07T16:58:53.852656,estk_3a1f52a9cf875c34dc1e23aa4cb30164,evt_3a1f52a9cf875c34,Marc Leishman,PGA,72.48,71.46,20,0.29,4.2900,6.6600,5.8800,3.7000
PGA Championship Test Market,2020-08-07T17:08:54.384650,estk_3a1f52a9cf875c34d11048af6a9aa9e4,evt_3a1f52a9cf875c34,Bryson DeChambeau,PGA,78.8,78.8,26,0.33,8.4500,7.3700,10.5000,7.5600
PGA Championship Test Market,2020-08-07T17:08:54.384674,estk_3a1f52a9cf875c34f40801c5943c8d94,evt_3a1f52a9cf875c34,Jon Rahm,PGA,79.94,77.36,23,0.32,7.5000,7.9400,9.4800,6.5300
PGA Championship Test Market,2020-08-07T17:08:54.384682,estk_3a1f52a9cf875c34503f60443b3bd112,evt_3a1f52a9cf875c34,Webb Simpson,PGA,80.61,76.62,21,0.31,6.9400,8.2700,8.5800,5.9600
PGA Championship Test Market,2020-08-07T17:08:54.384690,estk_3a1f52a9cf875c349cb9fc3fe55be3c0,evt_3a1f52a9cf875c34,Adam Scott,PGA,73.25,76.08,27,0.33,6.6800,4.9900,7.9700,5.1600
PGA Championship Test Market,2020-08-07T17:08:54.384713,estk_3a1f52a9cf875c346db374755563ce83,evt_3a1f52a9cf875c34,Bubba Watson,PGA,74.72,72.57,24,0.35,4.7800,5.5500,6.0000,3.4500
PGA Championship Test Market,2020-08-07T17:08:54.384721,estk_3a1f52a9cf875c34dc1e23aa4cb30164,evt_3a1f52a9cf875c34,Marc Leishman,PGA,72.48,70.01,20,0.31,3.8300,6.6600,5.8800,3.2400
PGA Championship Test Market,2020-08-07T17:08:54.384725,estk_3a1f52a9cf875c34a8b79a109f7cf8a2,evt_3a1f52a9cf875c34,Byeong Hun An,PGA,72.66,68.05,23,0.38,3.0400,5.5900,4.6000,2.1400
PGA Championship Test Market,2020-08-07T17:18:59.423907,estk_3a1f52a9cf875c34503f60443b3bd112,evt_3a1f52a9cf875c34,Webb Simpson,PGA,80.61,76.81,22,0.32,7.1600,8.2700,8.5800,5.9600
PGA Championship Test Market,2020-08-07T17:18:59.423955,estk_3a1f52a9cf875c34a8b79a109f7cf8a2,evt_3a1f52a9cf875c34,Byeong Hun An,PGA,72.66,68.32,24,0.39,2.9900,5.5900,4.6000,2.1400
PGA Championship Test Market,2020-08-07T17:29:00.168049,estk_3a1f52a9cf875c34d11048af6a9aa9e4,evt_3a1f52a9cf875c34,Bryson DeChambeau,PGA,78.8,79.22,28,0.35,8.6800,7.3700,9.9500,7.3200
PGA Championship Test Market,2020-08-07T17:29:00.168058,estk_3a1f52a9cf875c3403fcb99bd098267b,evt_3a1f52a9cf875c34,Patrick Reed,PGA,79.17,79.09,30,0.38,8.5200,7.6200,10.1200,7.3800
PGA Championship Test Market,2020-08-07T17:29:00.168072,estk_3a1f52a9cf875c34f40801c5943c8d94,evt_3a1f52a9cf875c34,Jon Rahm,PGA,79.94,77.56,24,0.33,7.6100,7.9400,9.1000,6.4300
PGA Championship Test Market,2020-08-07T17:29:00.168096,estk_3a1f52a9cf875c349cb9fc3fe55be3c0,evt_3a1f52a9cf875c34,Adam Scott,PGA,73.25,75.61,28,0.35,6.4200,4.9900,7.9700,5.1600
PGA Championship Test Market,2020-08-07T17:29:00.168112,estk_3a1f52a9cf875c34527c5abfc1093b26,evt_3a1f52a9cf875c34,Hideki Matsuyama,PGA,73.23,73.6,26,0.35,5.2900,7.1100,6.8300,4.0800
PGA Championship Test Market,2020-08-07T17:29:00.168119,estk_3a1f52a9cf875c346db374755563ce83,evt_3a1f52a9cf875c34,Bubba Watson,PGA,74.72,72.82,25,0.36,4.8400,5.5500,6.0000,3.4500
PGA Championship Test Market,2020-08-07T17:29:00.168128,estk_3a1f52a9cf875c34dc1e23aa4cb30164,evt_3a1f52a9cf875c34,Marc Leishman,PGA,72.48,70.29,21,0.32,3.9000,6.6600,5.4000,2.8000
PGA Championship Test Market,2020-08-07T17:29:00.168132,estk_3a1f52a9cf875c34a8b79a109f7cf8a2,evt_3a1f52a9cf875c34,Byeong Hun An,PGA,72.66,68.6,25,0.4,3.0400,5.5900,4.6000,2.1400
PGA Championship Test Market,2020-08-07T17:39:00.685383,estk_3a1f52a9cf875c34503f60443b3bd112,evt_3a1f52a9cf875c34,Webb Simpson,PGA,80.61,77.01,23,0.33,7.2800,8.2700,8.5800,5.9600
PGA Championship Test Market,2020-08-07T17:39:00.685419,estk_3a1f52a9cf875c346db374755563ce83,evt_3a1f52a9cf875c34,Bubba Watson,PGA,74.72,72.33,26,0.38,4.5800,5.5500,6.0000,3.4500
PGA Championship Test Market,2020-08-07T17:49:01.180752,estk_3a1f52a9cf875c3403fcb99bd098267b,evt_3a1f52a9cf875c34,Patrick Reed,PGA,79.17,79.29,31,0.39,8.7200,7.6200,10.1200,7.3800
PGA Championship Test Market,2020-08-07T17:49:01.180758,estk_3a1f52a9cf875c34d11048af6a9aa9e4,evt_3a1f52a9cf875c34,Bryson DeChambeau,PGA,78.8,79.43,29,0.36,8.6700,7.3700,10.1500,7.3200
PGA Championship Test Market,2020-08-07T17:49:01.180771,estk_3a1f52a9cf875c34f40801c5943c8d94,evt_3a1f52a9cf875c34,Jon Rahm,PGA,79.94,77.96,26,0.35,7.8100,7.9400,9.1000,6.4300
PGA Championship Test Market,2020-08-07T17:49:01.180799,estk_3a1f52a9cf875c349cb9fc3fe55be3c0,evt_3a1f52a9cf875c34,Adam Scott,PGA,73.25,75.88,29,0.36,6.4300,4.9900,7.9700,5.1600
PGA Championship Test Market,2020-08-07T17:49:01.180810,estk_3a1f52a9cf875c34527c5abfc1093b26,evt_3a1f52a9cf875c34,Hideki Matsuyama,PGA,73.23,74.4,29,0.38,5.5300,7.1100,6.8300,4.0800
PGA Championship Test Market,2020-08-07T17:49:01.180830,estk_3a1f52a9cf875c34dc1e23aa4cb30164,evt_3a1f52a9cf875c34,Marc Leishman,PGA,72.48,70.56,22,0.33,3.9900,6.6600,5.4000,2.8000
PGA Championship Test Market,2020-08-07T17:49:01.180835,estk_3a1f52a9cf875c34a8b79a109f7cf8a2,evt_3a1f52a9cf875c34,Byeong Hun An,PGA,72.66,68.14,26,0.42,2.8700,5.5900,4.6000,1.6400
PGA Championship Test Market,2020-08-07T17:59:01.760026,estk_3a1f52a9cf875c3403fcb99bd098267b,evt_3a1f52a9cf875c34,Patrick Reed,PGA,79.17,79.5,32,0.4,8.6900,7.6200,10.1200,7.3800
PGA Championship Test Market,2020-08-07T17:59:01.760031,estk_3a1f52a9cf875c34f40801c5943c8d94,evt_3a1f52a9cf875c34,Jon Rahm,PGA,79.94,79.16,28,0.36,8.5200,7.9400,10.1800,6.4300
PGA Championship Test Market,2020-08-07T17:59:01.760091,estk_3a1f52a9cf875c346db374755563ce83,evt_3a1f52a9cf875c34,Bubba Watson,PGA,74.72,72.58,27,0.39,4.6000,5.5500,6.0000,3.4500
PGA Championship Test Market,2020-08-07T18:09:02.285071,estk_3a1f52a9cf875c34d11048af6a9aa9e4,evt_3a1f52a9cf875c34,Bryson DeChambeau,PGA,78.8,79.86,31,0.38,8.9400,7.3700,10.3900,7.3200
PGA Championship Test Market,2020-08-07T18:09:02.285110,estk_3a1f52a9cf875c34503f60443b3bd112,evt_3a1f52a9cf875c34,Webb Simpson,PGA,80.61,77.59,26,0.36,7.4500,8.2700,9.0900,5.9600
PGA Championship Test Market,2020-08-07T18:09:02.285126,estk_3a1f52a9cf875c349cb9fc3fe55be3c0,evt_3a1f52a9cf875c34,Adam Scott,PGA,73.25,75.41,30,0.38,6.1300,4.9900,7.5800,5.0600
PGA Championship Test Market,2020-08-07T18:09:02.285134,estk_3a1f52a9cf875c34527c5abfc1093b26,evt_3a1f52a9cf875c34,Hideki Matsuyama,PGA,73.23,74.67,30,0.39,5.6200,7.1100,6.8300,4.0800
PGA Championship Test Market,2020-08-07T18:09:02.285154,estk_3a1f52a9cf875c34dc1e23aa4cb30164,evt_3a1f52a9cf875c34,Marc Leishman,PGA,72.48,71.11,24,0.35,4.0400,6.6600,5.4000,2.8000
PGA Championship Test Market,2020-08-07T18:09:02.285159,estk_3a1f52a9cf875c34a8b79a109f7cf8a2,evt_3a1f52a9cf875c34,Byeong Hun An,PGA,72.66,69.42,28,0.43,3.1400,5.5900,4.6000,1.6400
PGA Championship Test Market,2020-08-07T18:19:03.166824,estk_3a1f52a9cf875c34d11048af6a9aa9e4,evt_3a1f52a9cf875c34,Bryson DeChambeau,PGA,78.8,80.07,32,0.39,9.1000,7.3700,10.3900,7.3200
PGA Championship Test Market,2020-08-07T18:19:03.166838,estk_3a1f52a9cf875c3403fcb99bd098267b,evt_3a1f52a9cf875c34,Patrick Reed,PGA,79.17,78.92,33,0.42,8.2100,7.6200,9.8500,7.2200
PGA Championship Test Market,2020-08-07T18:19:03.166842,estk_3a1f52a9cf875c34f40801c5943c8d94,evt_3a1f52a9cf875c34,Jon Rahm,PGA,79.94,78.56,29,0.38,8.0400,7.9400,9.7100,6.4300
PGA Championship Test Market,2020-08-07T18:19:03.166886,estk_3a1f52a9cf875c349cb9fc3fe55be3c0,evt_3a1f52a9cf875c34,Adam Scott,PGA,73.25,74.68,30,0.39,5.7100,4.9900,7.2300,4.6700
PGA Championship Test Market,2020-08-07T18:19:03.166898,estk_3a1f52a9cf875c346db374755563ce83,evt_3a1f52a9cf875c34,Bubba Watson,PGA,74.72,72.83,28,0.4,4.6800,5.5500,6.0000,3.4500
PGA Championship Test Market,2020-08-07T18:19:03.166910,estk_3a1f52a9cf875c34a8b79a109f7cf8a2,evt_3a1f52a9cf875c34,Byeong Hun An,PGA,72.66,69.69,29,0.44,3.2500,5.5900,4.6000,1.7300
PGA Championship Test Market,2020-08-07T18:29:03.718990,estk_3a1f52a9cf875c34d11048af6a9aa9e4,evt_3a1f52a9cf875c34,Bryson DeChambeau,PGA,78.8,80.28,33,0.4,9.2800,7.3700,10.5900,7.3200
PGA Championship Test Market,2020-08-07T18:29:03.719011,estk_3a1f52a9cf875c34f40801c5943c8d94,evt_3a1f52a9cf875c34,Jon Rahm,PGA,79.94,78.76,30,0.39,8.2100,7.9400,9.7100,6.4300
PGA Championship Test Market,2020-08-07T18:29:03.719032,estk_3a1f52a9cf875c34503f60443b3bd112,evt_3a1f52a9cf875c34,Webb Simpson,PGA,80.61,76.98,27,0.38,7.0800,8.2700,8.5900,5.9600
PGA Championship Test Market,2020-08-07T18:29:03.719059,estk_3a1f52a9cf875c34527c5abfc1093b26,evt_3a1f52a9cf875c34,Hideki Matsuyama,PGA,73.23,73.94,30,0.4,5.1700,7.1100,6.7900,4.0800
PGA Championship Test Market,2020-08-07T18:29:03.719067,estk_3a1f52a9cf875c346db374755563ce83,evt_3a1f52a9cf875c34,Bubba Watson,PGA,74.72,72.34,29,0.42,4.3600,5.5500,6.0000,3.4500
PGA Championship Test Market,2020-08-07T18:29:03.719076,estk_3a1f52a9cf875c34dc1e23aa4cb30164,evt_3a1f52a9cf875c34,Marc Leishman,PGA,72.48,71.39,25,0.36,4.1700,6.6600,5.4000,2.8000
PGA Championship Test Market,2020-08-07T18:39:04.292156,estk_3a1f52a9cf875c3403fcb99bd098267b,evt_3a1f52a9cf875c34,Patrick Reed,PGA,79.17,80.13,35,0.43,9.1400,7.6200,10.8700,7.5100
PGA Championship Test Market,2020-08-07T18:39:04.292189,estk_3a1f52a9cf875c34503f60443b3bd112,evt_3a1f52a9cf875c34,Webb Simpson,PGA,80.61,77.17,28,0.39,7.1300,8.2700,8.5900,5.9600
PGA Championship Test Market,2020-08-07T18:39:04.292209,estk_3a1f52a9cf875c349cb9fc3fe55be3c0,evt_3a1f52a9cf875c34,Adam Scott,PGA,73.25,74.95,31,0.4,5.7800,4.9900,7.2300,4.6700
PGA Championship Test Market,2020-08-07T18:39:04.292221,estk_3a1f52a9cf875c34527c5abfc1093b26,evt_3a1f52a9cf875c34,Hideki Matsuyama,PGA,73.23,73.47,31,0.42,4.9000,7.1100,6.4600,3.9800
PGA Championship Test Market,2020-08-07T18:39:04.292230,estk_3a1f52a9cf875c34dc1e23aa4cb30164,evt_3a1f52a9cf875c34,Marc Leishman,PGA,72.48,71.94,27,0.38,4.3700,6.6600,5.9300,2.8000
PGA Championship Test Market,2020-08-07T18:39:04.292238,estk_3a1f52a9cf875c34a8b79a109f7cf8a2,evt_3a1f52a9cf875c34,Byeong Hun An,PGA,72.66,69.24,30,0.46,3.0800,5.5900,4.6000,1.7300
PGA Championship Test Market,2020-08-07T18:49:04.812392,estk_3a1f52a9cf875c3403fcb99bd098267b,evt_3a1f52a9cf875c34,Patrick Reed,PGA,79.17,80.34,36,0.44,9.3600,7.6200,10.8700,7.6200
PGA Championship Test Market,2020-08-07T18:49:04.812406,estk_3a1f52a9cf875c34f40801c5943c8d94,evt_3a1f52a9cf875c34,Jon Rahm,PGA,79.94,78.96,31,0.4,8.4200,7.9400,9.7100,6.7600
PGA Championship Test Market,2020-08-07T18:49:04.812410,estk_3a1f52a9cf875c34d11048af6a9aa9e4,evt_3a1f52a9cf875c34,Bryson DeChambeau,PGA,78.8,78.7,33,0.42,8.1200,7.3700,9.6700,7.0800
PGA Championship Test Market,2020-08-07T18:49:04.812450,estk_3a1f52a9cf875c349cb9fc3fe55be3c0,evt_3a1f52a9cf875c34,Adam Scott,PGA,73.25,74.49,32,0.42,5.5700,4.9900,7.0200,4.5500
PGA Championship Test Market,2020-08-07T18:49:04.812459,estk_3a1f52a9cf875c346db374755563ce83,evt_3a1f52a9cf875c34,Bubba Watson,PGA,74.72,73.59,31,0.43,5.0000,5.5500,6.5300,3.4500
PGA Championship Test Market,2020-08-07T18:59:05.359060,estk_3a1f52a9cf875c34f40801c5943c8d94,evt_3a1f52a9cf875c34,Jon Rahm,PGA,79.94,77.37,31,0.42,7.2400,7.9400,8.7900,5.6900
PGA Championship Test Market,2020-08-07T18:59:05.359084,estk_3a1f52a9cf875c34527c5abfc1093b26,evt_3a1f52a9cf875c34,Hideki Matsuyama,PGA,73.23,74.74,33,0.43,5.6200,7.1100,6.7900,4.0100
PGA Championship Test Market,2020-08-07T18:59:05.359108,estk_3a1f52a9cf875c34dc1e23aa4cb30164,evt_3a1f52a9cf875c34,Marc Leishman,PGA,72.48,71.21,27,0.39,4.0500,6.6600,5.9300,2.8000
PGA Championship Test Market,2020-08-07T19:09:06.022820,estk_3a1f52a9cf875c34d11048af6a9aa9e4,evt_3a1f52a9cf875c34,Bryson DeChambeau,PGA,78.8,78.92,34,0.43,8.3200,7.3700,9.6700,7.0800
PGA Championship Test Market,2020-08-07T19:09:06.022825,estk_3a1f52a9cf875c3403fcb99bd098267b,evt_3a1f52a9cf875c34,Patrick Reed,PGA,79.17,78.75,36,0.46,8.1100,7.6200,9.7800,7.1100
PGA Championship Test Market,2020-08-07T19:09:06.022846,estk_3a1f52a9cf875c34503f60443b3bd112,evt_3a1f52a9cf875c34,Webb Simpson,PGA,80.61,77.37,29,0.4,7.3100,8.2700,8.5900,5.9600
PGA Championship Test Market,2020-08-07T19:09:06.022869,estk_3a1f52a9cf875c34527c5abfc1093b26,evt_3a1f52a9cf875c34,Hideki Matsuyama,PGA,73.23,75.01,34,0.44,5.7600,7.1100,7.2100,4.0100
PGA Championship Test Market,2020-08-07T19:09:06.022873,estk_3a1f52a9cf875c349cb9fc3fe55be3c0,evt_3a1f52a9cf875c34,Adam Scott,PGA,73.25,74.75,33,0.43,5.5600,4.9900,7.0200,4.5500
PGA Championship Test Market,2020-08-07T19:09:06.022882,estk_3a1f52a9cf875c346db374755563ce83,evt_3a1f52a9cf875c34,Bubba Watson,PGA,74.72,73.84,32,0.44,5.1400,5.5500,6.5300,3.4900
PGA Championship Test Market,2020-08-07T19:09:06.022898,estk_3a1f52a9cf875c34a8b79a109f7cf8a2,evt_3a1f52a9cf875c34,Byeong Hun An,PGA,72.66,70.51,32,0.47,3.5200,4.6000,4.6700,1.9600
PGA Championship Test Market,2020-08-07T19:19:06.599065,estk_3a1f52a9cf875c34d11048af6a9aa9e4,evt_3a1f52a9cf875c34,Bryson DeChambeau,PGA,78.8,79.13,35,0.44,8.4900,7.3700,9.8100,7.0800
PGA Championship Test Market,2020-08-07T19:19:06.599075,estk_3a1f52a9cf875c3403fcb99bd098267b,evt_3a1f52a9cf875c34,Patrick Reed,PGA,79.17,78.96,37,0.47,8.2300,7.6200,9.7800,7.1100
PGA Championship Test Market,2020-08-07T19:19:06.599095,estk_3a1f52a9cf875c34503f60443b3bd112,evt_3a1f52a9cf875c34,Webb Simpson,PGA,80.61,77.75,31,0.42,7.4600,8.2700,8.8000,5.9600
PGA Championship Test Market,2020-08-07T19:19:06.599142,estk_3a1f52a9cf875c34dc1e23aa4cb30164,evt_3a1f52a9cf875c34,Marc Leishman,PGA,72.48,71.49,28,0.4,3.9900,6.6600,5.9300,2.8000
PGA Championship Test Market,2020-08-07T19:19:06.599146,estk_3a1f52a9cf875c34a8b79a109f7cf8a2,evt_3a1f52a9cf875c34,Byeong Hun An,PGA,72.66,71.06,34,0.49,3.6600,4.6000,5.0500,1.9900
PGA Championship Test Market,2020-08-07T19:29:07.116007,estk_3a1f52a9cf875c34f40801c5943c8d94,evt_3a1f52a9cf875c34,Jon Rahm,PGA,79.94,77.57,32,0.43,7.3000,7.9400,8.7900,5.6900
PGA Championship Test Market,2020-08-07T19:29:07.116028,estk_3a1f52a9cf875c349cb9fc3fe55be3c0,evt_3a1f52a9cf875c34,Adam Scott,PGA,73.25,75.02,34,0.44,5.7000,4.9900,7.0200,4.5500
PGA Championship Test Market,2020-08-07T19:29:07.116036,estk_3a1f52a9cf875c34527c5abfc1093b26,evt_3a1f52a9cf875c34,Hideki Matsuyama,PGA,73.23,74.54,35,0.46,5.4100,7.1100,7.2100,4.1400
PGA Championship Test Market,2020-08-07T19:29:07.116044,estk_3a1f52a9cf875c346db374755563ce83,evt_3a1f52a9cf875c34,Bubba Watson,PGA,74.72,73.35,33,0.46,4.8300,5.5500,6.5300,3.4900
PGA Championship Test Market,2020-08-07T19:29:07.116052,estk_3a1f52a9cf875c34dc1e23aa4cb30164,evt_3a1f52a9cf875c34,Marc Leishman,PGA,72.48,71.04,29,0.42,3.8100,6.6600,5.4000,2.8000
PGA Championship Test Market,2020-08-07T19:39:07.827856,estk_3a1f52a9cf875c34503f60443b3bd112,evt_3a1f52a9cf875c34,Webb Simpson,PGA,80.61,77.95,32,0.43,7.6800,8.2700,9.0400,6.0300
PGA Championship Test Market,2020-08-07T19:39:07.827864,estk_3a1f52a9cf875c34f40801c5943c8d94,evt_3a1f52a9cf875c34,Jon Rahm,PGA,79.94,77.77,33,0.44,7.4500,7.9400,8.7900,5.8600
PGA Championship Test Market,2020-08-07T19:39:07.827869,estk_3a1f52a9cf875c34d11048af6a9aa9e4,evt_3a1f52a9cf875c34,Bryson DeChambeau,PGA,78.8,77.55,35,0.46,7.4200,7.3700,8.9700,5.7500
PGA Championship Test Market,2020-08-07T19:39:07.827889,estk_3a1f52a9cf875c349cb9fc3fe55be3c0,evt_3a1f52a9cf875c34,Adam Scott,PGA,73.25,75.56,36,0.46,6.0100,4.9900,7.2300,4.5500
PGA Championship Test Market,2020-08-07T19:39:07.827905,estk_3a1f52a9cf875c346db374755563ce83,evt_3a1f52a9cf875c34,Bubba Watson,PGA,74.72,72.6,33,0.47,4.4400,5.5500,5.9300,3.4900
PGA Championship Test Market,2020-08-07T19:39:07.827918,estk_3a1f52a9cf875c34a8b79a109f7cf8a2,evt_3a1f52a9cf875c34,Byeong Hun An,PGA,72.66,71.33,35,0.5,3.7300,4.6000,5.0500,2.1800
PGA Championship Test Market,2020-08-07T19:49:08.379287,estk_3a1f52a9cf875c34503f60443b3bd112,evt_3a1f52a9cf875c34,Webb Simpson,PGA,80.61,78.14,33,0.44,7.9400,8.2700,9.1000,6.2500
PGA Championship Test Market,2020-08-07T19:49:08.379320,estk_3a1f52a9cf875c3403fcb99bd098267b,evt_3a1f52a9cf875c34,Patrick Reed,PGA,79.17,77.38,37,0.49,7.1800,7.6200,8.8200,5.5400
PGA Championship Test Market,2020-08-07T19:49:08.379342,estk_3a1f52a9cf875c34527c5abfc1093b26,evt_3a1f52a9cf875c34,Hideki Matsuyama,PGA,73.23,74.81,36,0.47,5.5900,7.1100,7.2100,4.1400
PGA Championship Test Market,2020-08-07T19:49:08.379360,estk_3a1f52a9cf875c346db374755563ce83,evt_3a1f52a9cf875c34,Bubba Watson,PGA,74.72,72.11,34,0.49,4.1500,5.5500,5.9300,3.2500
PGA Championship Test Market,2020-08-07T19:49:08.379365,estk_3a1f52a9cf875c34dc1e23aa4cb30164,evt_3a1f52a9cf875c34,Marc Leishman,PGA,72.48,71.31,30,0.43,3.9600,6.6600,5.4000,2.8000
PGA Championship Test Market,2020-08-07T19:59:08.815392,estk_3a1f52a9cf875c34d11048af6a9aa9e4,evt_3a1f52a9cf875c34,Bryson DeChambeau,PGA,78.8,78.76,37,0.47,8.2000,7.3700,9.8300,6.5700
PGA Championship Test Market,2020-08-07T19:59:08.815417,estk_3a1f52a9cf875c3403fcb99bd098267b,evt_3a1f52a9cf875c34,Patrick Reed,PGA,79.17,77.59,38,0.5,7.3000,7.6200,8.8200,5.7300
PGA Championship Test Market,2020-08-07T19:59:08.815421,estk_3a1f52a9cf875c34f40801c5943c8d94,evt_3a1f52a9cf875c34,Jon Rahm,PGA,79.94,77.17,34,0.46,7.1600,7.9400,8.8300,6.0000
PGA Championship Test Market,2020-08-07T19:59:08.815442,estk_3a1f52a9cf875c34527c5abfc1093b26,evt_3a1f52a9cf875c34,Hideki Matsuyama,PGA,73.23,75.35,38,0.49,5.8100,7.1100,7.2100,4.2200
PGA Championship Test Market,2020-08-07T19:59:08.815446,estk_3a1f52a9cf875c349cb9fc3fe55be3c0,evt_3a1f52a9cf875c34,Adam Scott,PGA,73.25,74.82,36,0.47,5.6800,4.9900,7.1500,4.5500
PGA Championship Test Market,2020-08-07T20:09:09.448212,estk_3a1f52a9cf875c34d11048af6a9aa9e4,evt_3a1f52a9cf875c34,Bryson DeChambeau,PGA,78.8,78.19,38,0.49,7.7100,7.3700,9.8300,6.5700
PGA Championship Test Market,2020-08-07T20:09:09.448217,estk_3a1f52a9cf875c34503f60443b3bd112,evt_3a1f52a9cf875c34,Webb Simpson,PGA,80.61,77.53,34,0.46,7.4500,8.2700,9.1000,6.2800
PGA Championship Test Market,2020-08-07T20:09:09.448253,estk_3a1f52a9cf875c349cb9fc3fe55be3c0,evt_3a1f52a9cf875c34,Adam Scott,PGA,73.25,74.36,37,0.49,5.2900,4.9900,7.1500,4.3800
PGA Championship Test Market,2020-08-07T20:09:09.448265,estk_3a1f52a9cf875c346db374755563ce83,evt_3a1f52a9cf875c34,Bubba Watson,PGA,74.72,72.36,35,0.5,4.2400,5.9300,5.6600,3.2000
PGA Championship Test Market,2020-08-07T20:09:09.448269,estk_3a1f52a9cf875c34dc1e23aa4cb30164,evt_3a1f52a9cf875c34,Marc Leishman,PGA,72.48,71.59,31,0.44,4.0600,5.4000,5.4000,2.8000
PGA Championship Test Market,2020-08-07T20:19:10.029273,estk_3a1f52a9cf875c34f40801c5943c8d94,evt_3a1f52a9cf875c34,Jon Rahm,PGA,79.94,78.37,36,0.47,8.0100,7.9400,9.5200,6.3000
PGA Championship Test Market,2020-08-07T20:19:10.029321,estk_3a1f52a9cf875c34527c5abfc1093b26,evt_3a1f52a9cf875c34,Hideki Matsuyama,PGA,73.23,75.62,39,0.5,5.9700,7.1100,7.2100,4.3800
PGA Championship Test Market,2020-08-07T20:19:10.029348,estk_3a1f52a9cf875c34dc1e23aa4cb30164,evt_3a1f52a9cf875c34,Marc Leishman,PGA,72.48,71.14,32,0.46,3.7800,5.4000,5.4000,2.8000
PGA Championship Test Market,2020-08-07T20:29:10.908080,estk_3a1f52a9cf875c34d84407620d2d9cf0,evt_3a1f52a9cf875c34,Tony Finau,PGA,75.05,78.54,23,0.26,8.6300,5.6800,10.2400,7.0600
PGA Championship Test Market,2020-08-07T20:29:10.908099,estk_3a1f52a9cf875c34503f60443b3bd112,evt_3a1f52a9cf875c34,Webb Simpson,PGA,80.61,77.72,35,0.47,7.4600,8.2700,9.1000,6.2800
PGA Championship Test Market,2020-08-07T20:29:10.908112,estk_3a1f52a9cf875c34d11048af6a9aa9e4,evt_3a1f52a9cf875c34,Bryson DeChambeau,PGA,78.8,77.4,38,0.5,7.2400,7.3700,8.8300,6.2600
PGA Championship Test Market,2020-08-07T20:29:10.908117,estk_3a1f52a9cf875c34f40801c5943c8d94,evt_3a1f52a9cf875c34,Jon Rahm,PGA,79.94,76.77,36,0.49,6.8500,7.9400,8.5100,5.6900
PGA Championship Test Market,2020-08-07T20:29:10.908126,estk_3a1f52a9cf875c34077d445dd9eef8da,evt_3a1f52a9cf875c34,Patrick Cantlay,PGA,79.79,75.04,16,0.26,6.4600,7.9100,7.6400,4.8400
PGA Championship Test Market,2020-08-07T20:29:10.908144,estk_3a1f52a9cf875c349cb9fc3fe55be3c0,evt_3a1f52a9cf875c34,Adam Scott,PGA,73.25,74.63,38,0.5,5.4100,4.9900,7.1500,4.3600
PGA Championship Test Market,2020-08-07T20:39:11.557818,estk_3a1f52a9cf875c348eb46850755a695e,evt_3a1f52a9cf875c34,Xander Schauffele,PGA,78.03,80.74,23,0.26,10.2800,7.0500,11.5500,8.7000
PGA Championship Test Market,2020-08-07T20:39:11.557862,estk_3a1f52a9cf875c34d84407620d2d9cf0,evt_3a1f52a9cf875c34,Tony Finau,PGA,75.05,78.04,24,0.28,8.3200,5.6800,9.9200,7.0600
PGA Championship Test Market,2020-08-07T20:39:11.557866,estk_3a1f52a9cf875c34c2291b803160b17e,evt_3a1f52a9cf875c34,Daniel Berger,PGA,75.51,77.88,22,0.26,8.1300,5.8800,9.4500,6.6500
PGA Championship Test Market,2020-08-07T20:39:11.557890,estk_3a1f52a9cf875c34503f60443b3bd112,evt_3a1f52a9cf875c34,Webb Simpson,PGA,80.61,77.11,36,0.49,7.0100,8.2700,8.6900,6.0400
PGA Championship Test Market,2020-08-07T20:39:11.557894,estk_3a1f52a9cf875c34f40801c5943c8d94,evt_3a1f52a9cf875c34,Jon Rahm,PGA,79.94,76.97,37,0.5,6.9400,7.9400,8.5100,5.6900
PGA Championship Test Market,2020-08-07T20:39:11.557906,estk_3a1f52a9cf875c34077d445dd9eef8da,evt_3a1f52a9cf875c34,Patrick Cantlay,PGA,79.79,74.45,17,0.28,6.0000,7.9100,7.6400,4.8400
PGA Championship Test Market,2020-08-07T20:39:11.557926,estk_3a1f52a9cf875c34dc1e23aa4cb30164,evt_3a1f52a9cf875c34,Marc Leishman,PGA,72.48,72.41,34,0.47,4.3500,5.4000,5.5300,2.8000
PGA Championship Test Market,2020-08-07T20:59:12.801581,estk_3a1f52a9cf875c34c2291b803160b17e,evt_3a1f52a9cf875c34,Daniel Berger,PGA,75.51,78.37,24,0.28,8.4600,5.8800,9.7700,6.8100
PGA Championship Test Market,2020-08-07T20:59:12.801587,estk_3a1f52a9cf875c34d84407620d2d9cf0,evt_3a1f52a9cf875c34,Tony Finau,PGA,75.05,78.29,25,0.29,8.3100,5.6800,9.9200,7.0600
PGA Championship Test Market,2020-08-07T20:59:12.801623,estk_3a1f52a9cf875c34077d445dd9eef8da,evt_3a1f52a9cf875c34,Patrick Cantlay,PGA,79.79,74.65,18,0.29,6.1700,7.9100,7.6400,4.8400
PGA Championship Test Market,2020-08-07T20:59:12.801635,estk_3a1f52a9cf875c34fe200133ec8a6c41,evt_3a1f52a9cf875c34,Tyrrell Hatton,PGA,75.11,73.58,18,0.26,5.5900,6.1300,7.1700,3.9500
PGA Championship Test Market,2020-08-07T21:09:13.314174,estk_3a1f52a9cf875c34e0b5b2fc83a00c65,evt_3a1f52a9cf875c34,Gary Woodland,PGA,78.98,80.45,22,0.26,10.0700,7.5500,11.3300,8.3800
PGA Championship Test Market,2020-08-07T21:09:13.314203,estk_3a1f52a9cf875c348eb46850755a695e,evt_3a1f52a9cf875c34,Xander Schauffele,PGA,78.03,80.18,24,0.28,9.7500,7.0500,11.3900,8.7000
PGA Championship Test Market,2020-08-07T21:09:13.314213,estk_3a1f52a9cf875c34f659aa7b5b2176ee,evt_3a1f52a9cf875c34,Collin Morikawa,PGA,79.54,78.86,20,0.26,8.8300,7.8000,10.1000,7.1900
PGA Championship Test Market,2020-08-07T21:09:13.314218,estk_3a1f52a9cf875c34d84407620d2d9cf0,evt_3a1f52a9cf875c34,Tony Finau,PGA,75.05,78.78,27,0.31,8.6300,5.6800,10.2400,7.0800
PGA Championship Test Market,2020-08-07T21:09:13.314246,estk_3a1f52a9cf875c34503f60443b3bd112,evt_3a1f52a9cf875c34,Webb Simpson,PGA,80.61,77.31,37,0.5,7.1900,8.2700,8.5200,5.9600
PGA Championship Test Market,2020-08-07T21:09:13.314294,estk_3a1f52a9cf875c34dc1e23aa4cb30164,evt_3a1f52a9cf875c34,Marc Leishman,PGA,72.48,70.96,34,0.49,3.7000,5.4000,5.1600,2.7600
PGA Championship Test Market,2020-08-07T21:19:13.830762,estk_3a1f52a9cf875c348eb46850755a695e,evt_3a1f52a9cf875c34,Xander Schauffele,PGA,78.03,80.4,25,0.29,9.9400,7.0500,11.3900,8.7000
PGA Championship Test Market,2020-08-07T21:19:13.830796,estk_3a1f52a9cf875c34e0b5b2fc83a00c65,evt_3a1f52a9cf875c34,Gary Woodland,PGA,78.98,79.87,23,0.28,9.4700,7.5500,11.3300,8.3800
PGA Championship Test Market,2020-08-07T21:19:13.830802,estk_3a1f52a9cf875c34db5881f101cec470,evt_3a1f52a9cf875c34,Justin Rose,PGA,75.99,79.23,23,0.26,9.1100,6.0800,10.5600,7.5700
PGA Championship Test Market,2020-08-07T21:19:13.830807,estk_3a1f52a9cf875c34d84407620d2d9cf0,evt_3a1f52a9cf875c34,Tony Finau,PGA,75.05,79.03,28,0.32,9.0200,5.6800,10.2400,7.1700
PGA Championship Test Market,2020-08-07T21:19:13.830811,estk_3a1f52a9cf875c34c2291b803160b17e,evt_3a1f52a9cf875c34,Daniel Berger,PGA,75.51,78.61,25,0.29,8.6200,5.8800,9.8600,7.0100
PGA Championship Test Market,2020-08-07T21:19:13.830816,estk_3a1f52a9cf875c34385c664e153f199a,evt_3a1f52a9cf875c34,Rory McIlroy,PGA,78.84,78.34,20,0.26,8.5200,7.4000,10.2000,6.9300
PGA Championship Test Market,2020-08-07T21:19:13.830821,estk_3a1f52a9cf875c34f659aa7b5b2176ee,evt_3a1f52a9cf875c34,Collin Morikawa,PGA,79.54,78.27,21,0.28,8.4100,7.8000,10.1000,7.1900
PGA Championship Test Market,2020-08-07T21:19:13.830825,estk_3a1f52a9cf875c34514f8f232f286c88,evt_3a1f52a9cf875c34,Tiger Woods,PGA,76.3,77.46,21,0.26,7.9400,8.8100,9.2400,6.5100
PGA Championship Test Market,2020-08-07T21:19:13.830860,estk_3a1f52a9cf875c34077d445dd9eef8da,evt_3a1f52a9cf875c34,Patrick Cantlay,PGA,79.79,74.06,19,0.31,5.6700,7.9100,7.2700,4.7600
PGA Championship Test Market,2020-08-07T21:19:13.830873,estk_3a1f52a9cf875c34fe200133ec8a6c41,evt_3a1f52a9cf875c34,Tyrrell Hatton,PGA,75.11,73.08,19,0.28,5.3800,6.1300,7.1700,4.0400
PGA Championship Test Market,2020-08-07T21:19:13.830877,estk_3a1f52a9cf875c34e64a0e6fb2b31683,evt_3a1f52a9cf875c34,Rafa Cabrera Bello,PGA,72.99,71.01,17,0.26,4.3300,5.5500,5.6200,2.8700
PGA Championship Test Market,2020-08-07T21:19:13.830889,estk_3a1f52a9cf875c34dc1e23aa4cb30164,evt_3a1f52a9cf875c34,Marc Leishman,PGA,72.48,70.24,34,0.5,3.3100,5.4000,4.9400,2.4900
PGA Championship Test Market,2020-08-07T21:29:14.403326,estk_3a1f52a9cf875c348eb46850755a695e,evt_3a1f52a9cf875c34,Xander Schauffele,PGA,78.03,80.84,27,0.31,10.2300,7.0500,11.8400,8.7300
PGA Championship Test Market,2020-08-07T21:29:14.403383,estk_3a1f52a9cf875c34514f8f232f286c88,evt_3a1f52a9cf875c34,Tiger Woods,PGA,76.3,77.22,20,0.25,7.7700,8.8100,9.2400,6.5100
PGA Championship Test Market,2020-08-07T21:29:14.403407,estk_3a1f52a9cf875c346e48ec89ea29f9f8,evt_3a1f52a9cf875c34,Justin Thomas,PGA,78.14,75.82,18,0.26,6.8800,7.0500,8.4100,5.3200
PGA Championship Test Market,2020-08-07T21:29:14.403411,estk_3a1f52a9cf875c3433ae0bbc78db2949,evt_3a1f52a9cf875c34,Dustin Johnson,PGA,73.92,74.7,20,0.26,6.2500,7.0600,7.4200,4.6200
PGA Championship Test Market,2020-08-07T21:29:14.403419,estk_3a1f52a9cf875c34077d445dd9eef8da,evt_3a1f52a9cf875c34,Patrick Cantlay,PGA,79.79,74.26,20,0.32,5.7400,7.9100,7.2700,4.7600
PGA Championship Test Market,2020-08-07T21:29:14.403431,estk_3a1f52a9cf875c34fe200133ec8a6c41,evt_3a1f52a9cf875c34,Tyrrell Hatton,PGA,75.11,72.33,19,0.29,4.8700,6.1300,6.5400,4.0400
PGA Championship Test Market,2020-08-07T21:39:15.022917,estk_3a1f52a9cf875c34d84407620d2d9cf0,evt_3a1f52a9cf875c34,Tony Finau,PGA,75.05,79.28,29,0.33,9.1000,5.6800,10.4500,7.5400
PGA Championship Test Market,2020-08-07T21:39:15.022922,estk_3a1f52a9cf875c34f659aa7b5b2176ee,evt_3a1f52a9cf875c34,Collin Morikawa,PGA,79.54,78.47,22,0.29,8.5400,7.8000,10.1000,7.1900
PGA Championship Test Market,2020-08-07T21:39:15.022927,estk_3a1f52a9cf875c34c2291b803160b17e,evt_3a1f52a9cf875c34,Daniel Berger,PGA,75.51,78.1,26,0.31,8.3500,5.8800,10.1400,7.0100
PGA Championship Test Market,2020-08-07T21:39:15.022932,estk_3a1f52a9cf875c34385c664e153f199a,evt_3a1f52a9cf875c34,Rory McIlroy,PGA,78.84,77.76,21,0.28,8.0900,7.4000,9.7400,6.9300
PGA Championship Test Market,2020-08-07T21:39:15.022936,estk_3a1f52a9cf875c34514f8f232f286c88,evt_3a1f52a9cf875c34,Tiger Woods,PGA,76.3,76.94,22,0.28,7.6100,8.8100,9.2400,6.5100
PGA Championship Test Market,2020-08-07T21:39:15.022961,estk_3a1f52a9cf875c346e48ec89ea29f9f8,evt_3a1f52a9cf875c34,Justin Thomas,PGA,78.14,75.26,19,0.28,6.6000,7.0500,8.4100,5.3200
PGA Championship Test Market,2020-08-07T21:39:15.022972,estk_3a1f52a9cf875c3433ae0bbc78db2949,evt_3a1f52a9cf875c34,Dustin Johnson,PGA,73.92,74.22,21,0.28,5.9800,7.0600,7.4600,4.6200
PGA Championship Test Market,2020-08-07T21:39:15.022996,estk_3a1f52a9cf875c34e64a0e6fb2b31683,evt_3a1f52a9cf875c34,Rafa Cabrera Bello,PGA,72.99,70.55,18,0.28,4.1800,5.5500,5.6200,2.8700
PGA Championship Test Market,2020-08-07T21:49:15.526441,estk_3a1f52a9cf875c348eb46850755a695e,evt_3a1f52a9cf875c34,Xander Schauffele,PGA,78.03,81.06,28,0.32,10.5100,7.0500,11.9900,8.9500
PGA Championship Test Market,2020-08-07T21:49:15.526469,estk_3a1f52a9cf875c34e0b5b2fc83a00c65,evt_3a1f52a9cf875c34,Gary Woodland,PGA,78.98,80.08,24,0.29,9.7500,7.5500,11.3300,8.3800
PGA Championship Test Market,2020-08-07T21:49:15.526479,estk_3a1f52a9cf875c34db5881f101cec470,evt_3a1f52a9cf875c34,Justin Rose,PGA,75.99,78.71,24,0.28,9.0800,6.0800,10.5600,7.5700
PGA Championship Test Market,2020-08-07T21:49:15.526531,estk_3a1f52a9cf875c34077d445dd9eef8da,evt_3a1f52a9cf875c34,Patrick Cantlay,PGA,79.79,74.46,21,0.33,5.9800,7.9100,7.2700,4.7600
PGA Championship Test Market,2020-08-07T21:49:15.526535,estk_3a1f52a9cf875c343116b24358a8f507,evt_3a1f52a9cf875c34,Louis Oosthuizen,PGA,73.68,73.52,19,0.26,5.7700,6.4800,6.9200,4.0800
PGA Championship Test Market,2020-08-07T21:49:15.526547,estk_3a1f52a9cf875c34fe200133ec8a6c41,evt_3a1f52a9cf875c34,Tyrrell Hatton,PGA,75.11,70.83,19,0.31,4.1600,6.1300,5.7900,3.3600
PGA Championship Test Market,2020-08-07T21:49:15.526551,estk_3a1f52a9cf875c34e64a0e6fb2b31683,evt_3a1f52a9cf875c34,Rafa Cabrera Bello,PGA,72.99,69.82,18,0.29,3.9400,5.5500,5.5200,2.8700
PGA Championship Test Market,2020-08-07T21:59:16.010378,estk_3a1f52a9cf875c34db5881f101cec470,evt_3a1f52a9cf875c34,Justin Rose,PGA,75.99,78.95,25,0.29,9.1700,6.0800,10.5600,7.5700
PGA Championship Test Market,2020-08-07T21:59:16.010383,estk_3a1f52a9cf875c34f659aa7b5b2176ee,evt_3a1f52a9cf875c34,Collin Morikawa,PGA,79.54,78.88,24,0.31,8.9500,7.8000,10.2600,7.3100
PGA Championship Test Market,2020-08-07T21:59:16.010388,estk_3a1f52a9cf875c34d84407620d2d9cf0,evt_3a1f52a9cf875c34,Tony Finau,PGA,75.05,78.78,30,0.35,8.7700,5.6800,10.4900,7.6000
PGA Championship Test Market,2020-08-07T21:59:16.010393,estk_3a1f52a9cf875c34c2291b803160b17e,evt_3a1f52a9cf875c34,Daniel Berger,PGA,75.51,78.35,27,0.32,8.5700,5.8800,10.1400,7.0100
PGA Championship Test Market,2020-08-07T21:59:16.010397,estk_3a1f52a9cf875c34385c664e153f199a,evt_3a1f52a9cf875c34,Rory McIlroy,PGA,78.84,76.98,21,0.29,7.6400,7.4000,9.3400,6.5800
PGA Championship Test Market,2020-08-07T21:59:16.010406,estk_3a1f52a9cf875c34277e17576c06f23a,evt_3a1f52a9cf875c34,Abraham Ancer,PGA,76.31,76.47,20,0.26,7.4700,6.2300,8.6400,5.7200
PGA Championship Test Market,2020-08-07T21:59:16.010418,estk_3a1f52a9cf875c34514f8f232f286c88,evt_3a1f52a9cf875c34,Tiger Woods,PGA,76.3,76.17,22,0.29,7.1400,8.8100,8.7600,6.2200
PGA Championship Test Market,2020-08-07T21:59:16.010426,estk_3a1f52a9cf875c346e48ec89ea29f9f8,evt_3a1f52a9cf875c34,Justin Thomas,PGA,78.14,75.48,20,0.29,6.6800,7.0500,8.4100,5.3200
PGA Championship Test Market,2020-08-07T21:59:16.010431,estk_3a1f52a9cf875c3433ae0bbc78db2949,evt_3a1f52a9cf875c34,Dustin Johnson,PGA,73.92,74.48,22,0.29,6.1800,7.0600,7.4600,4.6200
PGA Championship Test Market,2020-08-07T22:09:16.612046,estk_3a1f52a9cf875c34e0b5b2fc83a00c65,evt_3a1f52a9cf875c34,Gary Woodland,PGA,78.98,79.5,25,0.31,9.5600,7.5500,11.3300,8.3800
PGA Championship Test Market,2020-08-07T22:09:16.612109,estk_3a1f52a9cf875c3433ae0bbc78db2949,evt_3a1f52a9cf875c34,Dustin Johnson,PGA,73.92,74,23,0.31,5.8700,7.0600,7.4600,4.6200
PGA Championship Test Market,2020-08-07T22:09:16.612118,estk_3a1f52a9cf875c343116b24358a8f507,evt_3a1f52a9cf875c34,Louis Oosthuizen,PGA,73.68,73.05,20,0.28,5.4200,6.4800,6.9200,4.1900
PGA Championship Test Market,2020-08-07T22:09:16.612122,estk_3a1f52a9cf875c34fe200133ec8a6c41,evt_3a1f52a9cf875c34,Tyrrell Hatton,PGA,75.11,71.07,20,0.32,4.3600,6.1300,5.7900,3.3200
PGA Championship Test Market,2020-08-07T22:09:16.612138,estk_3a1f52a9cf875c34e64a0e6fb2b31683,evt_3a1f52a9cf875c34,Rafa Cabrera Bello,PGA,72.99,68.36,18,0.31,3.3100,5.5500,4.8800,2.4900
PGA Championship Test Market,2020-08-07T22:19:17.200792,estk_3a1f52a9cf875c348eb46850755a695e,evt_3a1f52a9cf875c34,Xander Schauffele,PGA,78.03,81.72,31,0.35,11.2200,7.0500,12.4500,9.5000
PGA Championship Test Market,2020-08-07T22:19:17.200827,estk_3a1f52a9cf875c34f659aa7b5b2176ee,evt_3a1f52a9cf875c34,Collin Morikawa,PGA,79.54,80.09,26,0.32,9.8100,7.8000,11.6700,8.2700
PGA Championship Test Market,2020-08-07T22:19:17.200842,estk_3a1f52a9cf875c34c2291b803160b17e,evt_3a1f52a9cf875c34,Daniel Berger,PGA,75.51,78.59,28,0.33,8.7200,5.8800,10.1400,7.1800
PGA Championship Test Market,2020-08-07T22:19:17.200846,estk_3a1f52a9cf875c34db5881f101cec470,evt_3a1f52a9cf875c34,Justin Rose,PGA,75.99,78.43,26,0.31,8.6700,6.0800,10.3700,7.5700
PGA Championship Test Market,2020-08-07T22:19:17.200851,estk_3a1f52a9cf875c34277e17576c06f23a,evt_3a1f52a9cf875c34,Abraham Ancer,PGA,76.31,76.94,22,0.28,7.7900,6.2300,9.0200,6.1300
PGA Championship Test Market,2020-08-07T22:19:17.200868,estk_3a1f52a9cf875c34385c664e153f199a,evt_3a1f52a9cf875c34,Rory McIlroy,PGA,78.84,76.4,22,0.31,7.3800,7.4000,8.9700,6.4200
PGA Championship Test Market,2020-08-07T22:19:17.200875,estk_3a1f52a9cf875c346e48ec89ea29f9f8,evt_3a1f52a9cf875c34,Justin Thomas,PGA,78.14,75.92,22,0.31,6.9900,7.0500,8.4100,5.3900
PGA Championship Test Market,2020-08-07T22:19:17.200880,estk_3a1f52a9cf875c34514f8f232f286c88,evt_3a1f52a9cf875c34,Tiger Woods,PGA,76.3,75.65,23,0.31,6.7800,8.8100,8.4300,5.9000
PGA Championship Test Market,2020-08-07T22:19:17.200892,estk_3a1f52a9cf875c34077d445dd9eef8da,evt_3a1f52a9cf875c34,Patrick Cantlay,PGA,79.79,73.86,22,0.35,5.6200,7.9100,7.2600,4.7200
PGA Championship Test Market,2020-08-07T22:19:17.200900,estk_3a1f52a9cf875c343116b24358a8f507,evt_3a1f52a9cf875c34,Louis Oosthuizen,PGA,73.68,73.31,21,0.29,5.4900,6.4800,6.9200,4.1900
PGA Championship Test Market,2020-08-07T22:29:17.729847,estk_3a1f52a9cf875c34e0b5b2fc83a00c65,evt_3a1f52a9cf875c34,Gary Woodland,PGA,78.98,80.71,27,0.32,10.3700,7.5500,12.0400,8.7300
PGA Championship Test Market,2020-08-07T22:29:17.729854,estk_3a1f52a9cf875c34f659aa7b5b2176ee,evt_3a1f52a9cf875c34,Collin Morikawa,PGA,79.54,80.29,27,0.33,9.9300,7.8000,11.6700,8.2700
PGA Championship Test Market,2020-08-07T22:29:17.729858,estk_3a1f52a9cf875c34db5881f101cec470,evt_3a1f52a9cf875c34,Justin Rose,PGA,75.99,78.67,27,0.32,8.8500,6.0800,10.3400,7.5700
PGA Championship Test Market,2020-08-07T22:29:17.729867,estk_3a1f52a9cf875c34d84407620d2d9cf0,evt_3a1f52a9cf875c34,Tony Finau,PGA,75.05,78.03,30,0.36,8.2200,5.6800,9.8500,7.2000
PGA Championship Test Market,2020-08-07T22:29:17.729872,estk_3a1f52a9cf875c34277e17576c06f23a,evt_3a1f52a9cf875c34,Abraham Ancer,PGA,76.31,77.18,23,0.29,7.8200,6.2300,9.0200,6.2000
PGA Championship Test Market,2020-08-07T22:29:17.729888,estk_3a1f52a9cf875c346e48ec89ea29f9f8,evt_3a1f52a9cf875c34,Justin Thomas,PGA,78.14,76.14,23,0.32,7.1500,7.0500,8.4100,5.4800
PGA Championship Test Market,2020-08-07T22:29:17.729896,estk_3a1f52a9cf875c34514f8f232f286c88,evt_3a1f52a9cf875c34,Tiger Woods,PGA,76.3,75.88,24,0.32,6.9500,8.8100,8.4300,5.8500
PGA Championship Test Market,2020-08-07T22:29:17.729901,estk_3a1f52a9cf875c34385c664e153f199a,evt_3a1f52a9cf875c34,Rory McIlroy,PGA,78.84,75.61,22,0.32,6.7900,7.4000,8.3000,5.7100
PGA Championship Test Market,2020-08-07T22:29:17.729908,estk_3a1f52a9cf875c3433ae0bbc78db2949,evt_3a1f52a9cf875c34,Dustin Johnson,PGA,73.92,74.27,24,0.32,5.9400,7.0600,7.4600,4.6200
PGA Championship Test Market,2020-08-07T22:29:17.729913,estk_3a1f52a9cf875c34077d445dd9eef8da,evt_3a1f52a9cf875c34,Patrick Cantlay,PGA,79.79,74.07,23,0.36,5.7500,7.9100,7.2600,4.7200
PGA Championship Test Market,2020-08-07T22:29:17.729925,estk_3a1f52a9cf875c34fe200133ec8a6c41,evt_3a1f52a9cf875c34,Tyrrell Hatton,PGA,75.11,72.32,22,0.33,4.9100,6.1300,6.4600,3.3200
PGA Championship Test Market,2020-08-07T22:29:17.729941,estk_3a1f52a9cf875c34e64a0e6fb2b31683,evt_3a1f52a9cf875c34,Rafa Cabrera Bello,PGA,72.99,67.63,18,0.32,3.0500,5.5500,4.8800,2.1800
PGA Championship Test Market,2020-08-07T22:39:18.288138,estk_3a1f52a9cf875c348eb46850755a695e,evt_3a1f52a9cf875c34,Xander Schauffele,PGA,78.03,81.94,32,0.36,11.2700,7.0500,12.9400,9.6600
PGA Championship Test Market,2020-08-07T22:39:18.288168,estk_3a1f52a9cf875c34e0b5b2fc83a00c65,evt_3a1f52a9cf875c34,Gary Woodland,PGA,78.98,80.34,29,0.35,10.0700,7.5500,12.0400,8.7300
PGA Championship Test Market,2020-08-07T22:39:18.288179,estk_3a1f52a9cf875c34c2291b803160b17e,evt_3a1f52a9cf875c34,Daniel Berger,PGA,75.51,79.08,30,0.35,9.1600,5.8800,10.8200,7.4800
PGA Championship Test Market,2020-08-07T22:39:18.288230,estk_3a1f52a9cf875c343116b24358a8f507,evt_3a1f52a9cf875c34,Louis Oosthuizen,PGA,73.68,73.84,23,0.31,5.6700,6.4800,6.9200,4.1900
PGA Championship Test Market,2020-08-07T22:39:18.288238,estk_3a1f52a9cf875c34077d445dd9eef8da,evt_3a1f52a9cf875c34,Patrick Cantlay,PGA,79.79,73.47,24,0.38,5.2600,7.9100,6.8100,4.3500
PGA Championship Test Market,2020-08-07T22:39:18.288243,estk_3a1f52a9cf875c34fe200133ec8a6c41,evt_3a1f52a9cf875c34,Tyrrell Hatton,PGA,75.11,72.82,24,0.35,5.0300,6.1300,6.4600,3.4900
PGA Championship Test Market,2020-08-07T22:39:18.288259,estk_3a1f52a9cf875c34e64a0e6fb2b31683,evt_3a1f52a9cf875c34,Rafa Cabrera Bello,PGA,72.99,67.9,19,0.33,3.0900,5.5500,4.8800,1.8200
PGA Championship Test Market,2020-08-07T22:49:18.922244,estk_3a1f52a9cf875c34f659aa7b5b2176ee,evt_3a1f52a9cf875c34,Collin Morikawa,PGA,79.54,79.7,28,0.35,9.5000,7.8000,11.0400,8.3700
PGA Championship Test Market,2020-08-07T22:49:18.922249,estk_3a1f52a9cf875c34c2291b803160b17e,evt_3a1f52a9cf875c34,Daniel Berger,PGA,75.51,79.33,31,0.36,9.2100,5.8800,10.8200,7.6000
PGA Championship Test Market,2020-08-07T22:49:18.922254,estk_3a1f52a9cf875c34db5881f101cec470,evt_3a1f52a9cf875c34,Justin Rose,PGA,75.99,78.91,28,0.33,8.9600,6.0800,10.3400,7.5700
PGA Championship Test Market,2020-08-07T22:49:18.922258,estk_3a1f52a9cf875c34d84407620d2d9cf0,evt_3a1f52a9cf875c34,Tony Finau,PGA,75.05,78.78,33,0.39,8.7200,5.6800,9.9400,7.2000
PGA Championship Test Market,2020-08-07T22:49:18.922267,estk_3a1f52a9cf875c34277e17576c06f23a,evt_3a1f52a9cf875c34,Abraham Ancer,PGA,76.31,76.65,24,0.31,7.4000,6.2300,9.0600,6.2600
PGA Championship Test Market,2020-08-07T22:49:18.922280,estk_3a1f52a9cf875c346e48ec89ea29f9f8,evt_3a1f52a9cf875c34,Justin Thomas,PGA,78.14,76.35,24,0.33,7.1600,7.0500,8.4100,5.5100
PGA Championship Test Market,2020-08-07T22:49:18.922288,estk_3a1f52a9cf875c34514f8f232f286c88,evt_3a1f52a9cf875c34,Tiger Woods,PGA,76.3,76.12,25,0.33,6.9800,8.8100,8.4300,5.8500
PGA Championship Test Market,2020-08-07T22:49:18.922292,estk_3a1f52a9cf875c34385c664e153f199a,evt_3a1f52a9cf875c34,Rory McIlroy,PGA,78.84,75.82,23,0.33,6.6700,7.4000,8.3000,5.7100
PGA Championship Test Market,2020-08-07T22:49:18.922300,estk_3a1f52a9cf875c3433ae0bbc78db2949,evt_3a1f52a9cf875c34,Dustin Johnson,PGA,73.92,74.53,25,0.33,5.9500,7.0600,7.4600,4.6200
PGA Championship Test Market,2020-08-07T22:49:18.922308,estk_3a1f52a9cf875c34fe200133ec8a6c41,evt_3a1f52a9cf875c34,Tyrrell Hatton,PGA,75.11,74.07,26,0.36,5.5500,6.1300,7.2100,4.0800
PGA Championship Test Market,2020-08-07T22:59:19.427310,estk_3a1f52a9cf875c34e0b5b2fc83a00c65,evt_3a1f52a9cf875c34,Gary Woodland,PGA,78.98,80.55,30,0.36,10.2200,7.5500,11.6500,8.7300
PGA Championship Test Market,2020-08-07T22:59:19.427339,estk_3a1f52a9cf875c348eb46850755a695e,evt_3a1f52a9cf875c34,Xander Schauffele,PGA,78.03,80.38,32,0.38,10.0000,7.0500,11.7900,8.9500
PGA Championship Test Market,2020-08-07T22:59:19.427345,estk_3a1f52a9cf875c34f659aa7b5b2176ee,evt_3a1f52a9cf875c34,Collin Morikawa,PGA,79.54,79.91,29,0.36,9.6500,7.8000,11.0400,8.3700
PGA Championship Test Market,2020-08-07T22:59:19.427354,estk_3a1f52a9cf875c34d84407620d2d9cf0,evt_3a1f52a9cf875c34,Tony Finau,PGA,75.05,79.03,34,0.4,8.8800,5.6800,10.3400,7.2000
PGA Championship Test Market,2020-08-07T22:59:19.427358,estk_3a1f52a9cf875c34c2291b803160b17e,evt_3a1f52a9cf875c34,Daniel Berger,PGA,75.51,78.82,32,0.38,8.7900,5.8800,10.3000,7.6000
PGA Championship Test Market,2020-08-07T22:59:19.427402,estk_3a1f52a9cf875c34077d445dd9eef8da,evt_3a1f52a9cf875c34,Patrick Cantlay,PGA,79.79,74.67,26,0.39,5.8600,7.9100,7.2600,4.3800
PGA Championship Test Market,2020-08-07T22:59:19.427406,estk_3a1f52a9cf875c343116b24358a8f507,evt_3a1f52a9cf875c34,Louis Oosthuizen,PGA,73.68,74.1,24,0.32,5.8400,6.4800,7.0000,4.2000
PGA Championship Test Market,2020-08-07T22:59:19.427429,estk_3a1f52a9cf875c34e64a0e6fb2b31683,evt_3a1f52a9cf875c34,Rafa Cabrera Bello,PGA,72.99,68.44,21,0.35,3.2000,5.5500,4.8800,1.8200
PGA Championship Test Market,2020-08-07T23:09:19.917495,estk_3a1f52a9cf875c34db5881f101cec470,evt_3a1f52a9cf875c34,Justin Rose,PGA,75.99,79.39,30,0.35,9.2700,6.0800,10.9600,7.6300
PGA Championship Test Market,2020-08-07T23:09:19.917514,estk_3a1f52a9cf875c346e48ec89ea29f9f8,evt_3a1f52a9cf875c34,Justin Thomas,PGA,78.14,76.79,26,0.35,7.4600,7.0500,9.0400,5.7400
PGA Championship Test Market,2020-08-07T23:09:19.917528,estk_3a1f52a9cf875c34385c664e153f199a,evt_3a1f52a9cf875c34,Rory McIlroy,PGA,78.84,76.25,25,0.35,7.1800,7.4000,8.3000,5.7100
PGA Championship Test Market,2020-08-07T23:09:19.917536,estk_3a1f52a9cf875c34277e17576c06f23a,evt_3a1f52a9cf875c34,Abraham Ancer,PGA,76.31,75.89,24,0.32,6.9400,6.2300,8.5600,5.8900
PGA Championship Test Market,2020-08-07T23:09:19.917540,estk_3a1f52a9cf875c34514f8f232f286c88,evt_3a1f52a9cf875c34,Tiger Woods,PGA,76.3,75.59,26,0.35,6.5900,8.8100,8.1900,5.6600
PGA Championship Test Market,2020-08-07T23:09:19.917545,estk_3a1f52a9cf875c3433ae0bbc78db2949,evt_3a1f52a9cf875c34,Dustin Johnson,PGA,73.92,75.05,27,0.35,6.2700,7.0600,7.4600,4.6800
PGA Championship Test Market,2020-08-07T23:09:19.917554,estk_3a1f52a9cf875c34077d445dd9eef8da,evt_3a1f52a9cf875c34,Patrick Cantlay,PGA,79.79,74.87,27,0.4,5.9900,7.9100,7.2600,4.4400
PGA Championship Test Market,2020-08-07T23:09:19.917558,estk_3a1f52a9cf875c343116b24358a8f507,evt_3a1f52a9cf875c34,Louis Oosthuizen,PGA,73.68,74.37,25,0.33,5.9800,6.4800,7.4400,4.3400
PGA Championship Test Market,2020-08-07T23:09:19.917567,estk_3a1f52a9cf875c34fe200133ec8a6c41,evt_3a1f52a9cf875c34,Tyrrell Hatton,PGA,75.11,72.57,26,0.38,4.8100,6.1300,6.4000,3.4900
PGA Championship Test Market,2020-08-07T23:09:19.917585,estk_3a1f52a9cf875c34e64a0e6fb2b31683,evt_3a1f52a9cf875c34,Rafa Cabrera Bello,PGA,72.99,68.71,22,0.36,3.2000,5.5500,4.8800,1.8200
PGA Championship Test Market,2020-08-07T23:19:20.531293,estk_3a1f52a9cf875c34c2291b803160b17e,evt_3a1f52a9cf875c34,Daniel Berger,PGA,75.51,80.06,34,0.39,9.9100,5.8800,11.6300,8.2300
PGA Championship Test Market,2020-08-07T23:19:20.531304,estk_3a1f52a9cf875c34e0b5b2fc83a00c65,evt_3a1f52a9cf875c34,Gary Woodland,PGA,78.98,78.97,30,0.38,9.0500,7.5500,10.7800,8.1000
PGA Championship Test Market,2020-08-07T23:19:20.531309,estk_3a1f52a9cf875c34d84407620d2d9cf0,evt_3a1f52a9cf875c34,Tony Finau,PGA,75.05,78.53,35,0.42,8.6300,5.6800,10.3400,7.2900
PGA Championship Test Market,2020-08-07T23:19:20.531313,estk_3a1f52a9cf875c34f659aa7b5b2176ee,evt_3a1f52a9cf875c34,Collin Morikawa,PGA,79.54,78.31,29,0.38,8.6000,7.8000,10.1500,6.9400
PGA Championship Test Market,2020-08-07T23:19:20.531345,estk_3a1f52a9cf875c34277e17576c06f23a,evt_3a1f52a9cf875c34,Abraham Ancer,PGA,76.31,75.13,24,0.33,6.6400,6.2300,8.0400,5.5300
PGA Championship Test Market,2020-08-07T23:29:21.035299,estk_3a1f52a9cf875c34c2291b803160b17e,evt_3a1f52a9cf875c34,Daniel Berger,PGA,75.51,81.31,36,0.4,10.8500,5.8800,12.4300,9.1500
PGA Championship Test Market,2020-08-07T23:29:21.035330,estk_3a1f52a9cf875c348eb46850755a695e,evt_3a1f52a9cf875c34,Xander Schauffele,PGA,78.03,80.6,33,0.39,10.1600,7.0500,11.7900,8.9500
PGA Championship Test Market,2020-08-07T23:29:21.035335,estk_3a1f52a9cf875c34db5881f101cec470,evt_3a1f52a9cf875c34,Justin Rose,PGA,75.99,79.63,31,0.36,9.5300,6.0800,10.9600,8.0000
PGA Championship Test Market,2020-08-07T23:29:21.035353,estk_3a1f52a9cf875c34385c664e153f199a,evt_3a1f52a9cf875c34,Rory McIlroy,PGA,78.84,77.46,27,0.36,7.8900,7.4000,9.4400,6.2100
PGA Championship Test Market,2020-08-07T23:29:21.035361,estk_3a1f52a9cf875c346e48ec89ea29f9f8,evt_3a1f52a9cf875c34,Justin Thomas,PGA,78.14,77.01,27,0.36,7.4900,7.0500,9.0400,5.9900
PGA Championship Test Market,2020-08-07T23:29:21.035378,estk_3a1f52a9cf875c34514f8f232f286c88,evt_3a1f52a9cf875c34,Tiger Woods,PGA,76.3,75.83,27,0.36,6.7800,8.8100,8.1900,5.6500
PGA Championship Test Market,2020-08-07T23:29:21.035382,estk_3a1f52a9cf875c3433ae0bbc78db2949,evt_3a1f52a9cf875c34,Dustin Johnson,PGA,73.92,75.31,28,0.36,6.4900,7.0600,7.6300,4.8500
PGA Championship Test Market,2020-08-07T23:29:21.035390,estk_3a1f52a9cf875c343116b24358a8f507,evt_3a1f52a9cf875c34,Louis Oosthuizen,PGA,73.68,74.89,27,0.35,6.2500,6.4800,7.4400,4.6200
PGA Championship Test Market,2020-08-07T23:29:21.035398,estk_3a1f52a9cf875c34077d445dd9eef8da,evt_3a1f52a9cf875c34,Patrick Cantlay,PGA,79.79,74.28,28,0.42,5.6000,7.9100,7.1800,4.5100
PGA Championship Test Market,2020-08-07T23:29:21.035406,estk_3a1f52a9cf875c34fe200133ec8a6c41,evt_3a1f52a9cf875c34,Tyrrell Hatton,PGA,75.11,72.82,27,0.39,4.8300,6.1300,6.4000,3.4900
PGA Championship Test Market,2020-08-07T23:29:21.035423,estk_3a1f52a9cf875c34e64a0e6fb2b31683,evt_3a1f52a9cf875c34,Rafa Cabrera Bello,PGA,72.99,68.25,23,0.38,3.0400,5.5500,4.8800,1.8200
PGA Championship Test Market,2020-08-07T23:39:21.668931,estk_3a1f52a9cf875c348eb46850755a695e,evt_3a1f52a9cf875c34,Xander Schauffele,PGA,78.03,80.82,34,0.4,10.6800,7.0500,12.4200,9.0900
PGA Championship Test Market,2020-08-07T23:39:21.668942,estk_3a1f52a9cf875c34db5881f101cec470,evt_3a1f52a9cf875c34,Justin Rose,PGA,75.99,78.11,31,0.38,8.6600,6.0800,10.1300,7.4400
PGA Championship Test Market,2020-08-07T23:39:21.668951,estk_3a1f52a9cf875c34d84407620d2d9cf0,evt_3a1f52a9cf875c34,Tony Finau,PGA,75.05,77.78,35,0.43,8.0700,5.6800,9.8100,7.1800
PGA Championship Test Market,2020-08-07T23:39:21.668987,estk_3a1f52a9cf875c34514f8f232f286c88,evt_3a1f52a9cf875c34,Tiger Woods,PGA,76.3,74.31,27,0.38,5.9600,8.8100,7.4700,4.9600
PGA Championship Test Market,2020-08-07T23:39:21.668991,estk_3a1f52a9cf875c34077d445dd9eef8da,evt_3a1f52a9cf875c34,Patrick Cantlay,PGA,79.79,74.48,29,0.43,5.8000,7.9100,7.1800,4.5100
PGA Championship Test Market,2020-08-07T23:39:21.668995,estk_3a1f52a9cf875c3433ae0bbc78db2949,evt_3a1f52a9cf875c34,Dustin Johnson,PGA,73.92,73.83,28,0.38,5.6800,7.0600,7.3100,4.6800
PGA Championship Test Market,2020-08-07T23:39:21.669003,estk_3a1f52a9cf875c34277e17576c06f23a,evt_3a1f52a9cf875c34,Abraham Ancer,PGA,76.31,73.6,24,0.35,5.5700,6.2300,7.2800,4.0800
PGA Championship Test Market,2020-08-07T23:49:22.192119,estk_3a1f52a9cf875c34f659aa7b5b2176ee,evt_3a1f52a9cf875c34,Collin Morikawa,PGA,79.54,80.72,33,0.4,10.5600,7.8000,12.2300,8.8100
PGA Championship Test Market,2020-08-07T23:49:22.192126,estk_3a1f52a9cf875c34c2291b803160b17e,evt_3a1f52a9cf875c34,Daniel Berger,PGA,75.51,79.8,36,0.42,9.7700,5.8800,11.3800,8.0000
PGA Championship Test Market,2020-08-07T23:49:22.192135,estk_3a1f52a9cf875c34e0b5b2fc83a00c65,evt_3a1f52a9cf875c34,Gary Woodland,PGA,78.98,79.18,31,0.39,9.2700,7.5500,10.7800,7.5700
PGA Championship Test Market,2020-08-07T23:49:22.192144,estk_3a1f52a9cf875c34385c664e153f199a,evt_3a1f52a9cf875c34,Rory McIlroy,PGA,78.84,77.88,29,0.38,8.2700,7.4000,10.1000,6.7600
PGA Championship Test Market,2020-08-07T23:49:22.192149,estk_3a1f52a9cf875c34d84407620d2d9cf0,evt_3a1f52a9cf875c34,Tony Finau,PGA,75.05,78.03,36,0.44,8.2400,5.6800,9.8100,7.1200
PGA Championship Test Market,2020-08-07T23:49:22.192171,estk_3a1f52a9cf875c346e48ec89ea29f9f8,evt_3a1f52a9cf875c34,Justin Thomas,PGA,78.14,75.45,27,0.38,6.6300,7.0500,8.2000,5.5600
PGA Championship Test Market,2020-08-07T23:49:22.192175,estk_3a1f52a9cf875c343116b24358a8f507,evt_3a1f52a9cf875c34,Louis Oosthuizen,PGA,73.68,75.16,28,0.36,6.4800,6.4800,8.1200,4.8900
PGA Championship Test Market,2020-08-07T23:49:22.192180,estk_3a1f52a9cf875c3433ae0bbc78db2949,evt_3a1f52a9cf875c34,Dustin Johnson,PGA,73.92,75.09,30,0.39,6.2800,7.0600,7.6300,4.6800
PGA Championship Test Market,2020-08-07T23:49:22.192204,estk_3a1f52a9cf875c34fe200133ec8a6c41,evt_3a1f52a9cf875c34,Tyrrell Hatton,PGA,75.11,72.07,27,0.4,4.5800,6.1300,6.4000,3.5200
PGA Championship Test Market,2020-08-07T23:49:22.192221,estk_3a1f52a9cf875c34e64a0e6fb2b31683,evt_3a1f52a9cf875c34,Rafa Cabrera Bello,PGA,72.99,68.52,24,0.39,3.1500,5.5500,4.8800,1.8200
PGA Championship Test Market,2020-08-07T23:59:22.718025,estk_3a1f52a9cf875c348eb46850755a695e,evt_3a1f52a9cf875c34,Xander Schauffele,PGA,78.03,80.26,35,0.42,10.1200,7.0500,11.6400,8.9700
PGA Championship Test Market,2020-08-07T23:59:22.718036,estk_3a1f52a9cf875c34db5881f101cec470,evt_3a1f52a9cf875c34,Justin Rose,PGA,75.99,79.35,33,0.39,9.3200,6.0800,11.0700,7.7700
PGA Championship Test Market,2020-08-07T23:59:22.718045,estk_3a1f52a9cf875c34385c664e153f199a,evt_3a1f52a9cf875c34,Rory McIlroy,PGA,78.84,79.09,31,0.39,9.0900,7.4000,10.9100,7.5500
PGA Championship Test Market,2020-08-07T23:59:22.718050,estk_3a1f52a9cf875c34d84407620d2d9cf0,evt_3a1f52a9cf875c34,Tony Finau,PGA,75.05,77.53,37,0.46,7.7900,5.6800,9.8100,6.6100
PGA Championship Test Market,2020-08-07T23:59:22.718066,estk_3a1f52a9cf875c346e48ec89ea29f9f8,evt_3a1f52a9cf875c34,Justin Thomas,PGA,78.14,76.67,29,0.39,7.2400,7.0500,9.1000,5.8000
PGA Championship Test Market,2020-08-07T23:59:22.718089,estk_3a1f52a9cf875c34077d445dd9eef8da,evt_3a1f52a9cf875c34,Patrick Cantlay,PGA,79.79,74.68,30,0.44,5.8200,7.9100,7.1800,4.5100
PGA Championship Test Market,2020-08-07T23:59:22.718093,estk_3a1f52a9cf875c34277e17576c06f23a,evt_3a1f52a9cf875c34,Abraham Ancer,PGA,76.31,73.84,25,0.36,5.7300,6.2300,7.2800,4.0800
PGA Championship Test Market,2020-08-07T23:59:22.718106,estk_3a1f52a9cf875c34fe200133ec8a6c41,evt_3a1f52a9cf875c34,Tyrrell Hatton,PGA,75.11,70.56,27,0.42,3.8400,6.1300,5.3700,2.2100
PGA Championship Test Market,2020-08-08T00:09:23.246033,estk_3a1f52a9cf875c34f659aa7b5b2176ee,evt_3a1f52a9cf875c34,Collin Morikawa,PGA,79.54,80.13,34,0.42,10.1200,7.8000,12.2300,8.8900
PGA Championship Test Market,2020-08-08T00:09:23.246063,estk_3a1f52a9cf875c34c2291b803160b17e,evt_3a1f52a9cf875c34,Daniel Berger,PGA,75.51,80.04,37,0.43,10.0200,5.8800,11.3800,8.4000
PGA Championship Test Market,2020-08-08T00:09:23.246069,estk_3a1f52a9cf875c34e0b5b2fc83a00c65,evt_3a1f52a9cf875c34,Gary Woodland,PGA,78.98,79.39,32,0.4,9.5500,7.5500,10.7800,7.8200
PGA Championship Test Market,2020-08-08T00:09:23.246078,estk_3a1f52a9cf875c348eb46850755a695e,evt_3a1f52a9cf875c34,Xander Schauffele,PGA,78.03,79.48,35,0.43,9.4900,7.0500,11.1300,8.5000
PGA Championship Test Market,2020-08-08T00:09:23.246111,estk_3a1f52a9cf875c34514f8f232f286c88,evt_3a1f52a9cf875c34,Tiger Woods,PGA,76.3,75.54,29,0.39,6.6800,8.8100,8.3300,5.0800
PGA Championship Test Market,2020-08-08T00:09:23.246131,estk_3a1f52a9cf875c34077d445dd9eef8da,evt_3a1f52a9cf875c34,Patrick Cantlay,PGA,79.79,74.09,31,0.46,5.5400,7.9100,7.1800,4.5100
PGA Championship Test Market,2020-08-08T00:09:23.246135,estk_3a1f52a9cf875c343116b24358a8f507,evt_3a1f52a9cf875c34,Louis Oosthuizen,PGA,73.68,72.68,27,0.38,5.0500,6.4800,6.5400,3.4600
PGA Championship Test Market,2020-08-08T00:09:23.246156,estk_3a1f52a9cf875c34e64a0e6fb2b31683,evt_3a1f52a9cf875c34,Rafa Cabrera Bello,PGA,72.99,68.79,25,0.4,3.2400,5.5500,4.8800,1.8200
PGA Championship Test Market,2020-08-08T00:19:23.766223,estk_3a1f52a9cf875c34c2291b803160b17e,evt_3a1f52a9cf875c34,Daniel Berger,PGA,75.51,80.29,38,0.44,10.0700,5.8800,11.7700,8.4000
PGA Championship Test Market,2020-08-08T00:19:23.766229,estk_3a1f52a9cf875c34db5881f101cec470,evt_3a1f52a9cf875c34,Justin Rose,PGA,75.99,79.59,34,0.4,9.7300,6.0800,11.0700,8.0900
PGA Championship Test Market,2020-08-08T00:19:23.766243,estk_3a1f52a9cf875c34385c664e153f199a,evt_3a1f52a9cf875c34,Rory McIlroy,PGA,78.84,79.3,32,0.4,9.4200,7.4000,10.9100,7.8200
PGA Championship Test Market,2020-08-08T00:19:23.766256,estk_3a1f52a9cf875c346e48ec89ea29f9f8,evt_3a1f52a9cf875c34,Justin Thomas,PGA,78.14,76.88,30,0.4,7.5300,7.0500,9.1000,5.8500
PGA Championship Test Market,2020-08-08T00:19:23.766271,estk_3a1f52a9cf875c34514f8f232f286c88,evt_3a1f52a9cf875c34,Tiger Woods,PGA,76.3,75.78,30,0.4,6.7600,8.8100,8.3300,5.0800
PGA Championship Test Market,2020-08-08T00:19:23.766275,estk_3a1f52a9cf875c3433ae0bbc78db2949,evt_3a1f52a9cf875c34,Dustin Johnson,PGA,73.92,75.35,31,0.4,6.6300,7.0600,7.9400,4.9900
PGA Championship Test Market,2020-08-08T00:19:23.766291,estk_3a1f52a9cf875c34277e17576c06f23a,evt_3a1f52a9cf875c34,Abraham Ancer,PGA,76.31,73.31,26,0.38,5.3400,6.2300,7.2800,4.1700
PGA Championship Test Market,2020-08-08T00:19:23.766299,estk_3a1f52a9cf875c34fe200133ec8a6c41,evt_3a1f52a9cf875c34,Tyrrell Hatton,PGA,75.11,71.81,29,0.43,4.4100,6.1300,5.9300,2.8000
PGA Championship Test Market,2020-08-08T00:19:23.766316,estk_3a1f52a9cf875c34e64a0e6fb2b31683,evt_3a1f52a9cf875c34,Rafa Cabrera Bello,PGA,72.99,67.33,25,0.42,2.6300,5.5500,4.1500,1.7800
PGA Championship Test Market,2020-08-08T00:29:24.402119,estk_3a1f52a9cf875c34f659aa7b5b2176ee,evt_3a1f52a9cf875c34,Collin Morikawa,PGA,79.54,80.34,35,0.43,10.2300,7.8000,11.7000,8.8900
PGA Championship Test Market,2020-08-08T00:29:24.402153,estk_3a1f52a9cf875c348eb46850755a695e,evt_3a1f52a9cf875c34,Xander Schauffele,PGA,78.03,79.7,36,0.44,9.6100,7.0500,11.1300,8.4000
PGA Championship Test Market,2020-08-08T00:29:24.402167,estk_3a1f52a9cf875c34e0b5b2fc83a00c65,evt_3a1f52a9cf875c34,Gary Woodland,PGA,78.98,77.81,32,0.42,8.2100,7.5500,9.7400,6.4200
PGA Championship Test Market,2020-08-08T00:29:24.402179,estk_3a1f52a9cf875c34d84407620d2d9cf0,evt_3a1f52a9cf875c34,Tony Finau,PGA,75.05,77.28,39,0.49,7.6100,5.6800,9.3000,6.6100
PGA Championship Test Market,2020-08-08T00:29:24.402210,estk_3a1f52a9cf875c34077d445dd9eef8da,evt_3a1f52a9cf875c34,Patrick Cantlay,PGA,79.79,74.69,34,0.49,5.6400,7.9100,7.0800,4.5100
PGA Championship Test Market,2020-08-08T00:29:24.402214,estk_3a1f52a9cf875c343116b24358a8f507,evt_3a1f52a9cf875c34,Louis Oosthuizen,PGA,73.68,73.94,29,0.39,5.6300,6.4800,7.2100,3.9900
PGA Championship Test Market,2020-08-08T00:39:24.831842,estk_3a1f52a9cf875c348eb46850755a695e,evt_3a1f52a9cf875c34,Xander Schauffele,PGA,78.03,79.14,37,0.46,9.5500,7.0500,11.1300,8.4000
PGA Championship Test Market,2020-08-08T00:39:24.831847,estk_3a1f52a9cf875c34db5881f101cec470,evt_3a1f52a9cf875c34,Justin Rose,PGA,75.99,78.31,35,0.43,8.9100,6.0800,11.0700,7.8200
PGA Championship Test Market,2020-08-08T00:39:24.831872,estk_3a1f52a9cf875c3433ae0bbc78db2949,evt_3a1f52a9cf875c34,Dustin Johnson,PGA,73.92,76.13,34,0.43,7.2200,7.0600,8.9100,5.6700
PGA Championship Test Market,2020-08-08T00:39:24.831877,estk_3a1f52a9cf875c34e0b5b2fc83a00c65,evt_3a1f52a9cf875c34,Gary Woodland,PGA,78.98,76.02,31,0.43,7.1300,7.5500,8.7700,5.5500
PGA Championship Test Market,2020-08-08T00:39:24.831881,estk_3a1f52a9cf875c34385c664e153f199a,evt_3a1f52a9cf875c34,Rory McIlroy,PGA,78.84,75.73,30,0.42,7.0300,7.4000,8.6800,5.4900
PGA Championship Test Market,2020-08-08T00:39:24.831886,estk_3a1f52a9cf875c34514f8f232f286c88,evt_3a1f52a9cf875c34,Tiger Woods,PGA,76.3,75.25,31,0.42,6.7300,8.8100,8.3300,5.4900
PGA Championship Test Market,2020-08-08T00:39:24.831891,estk_3a1f52a9cf875c346e48ec89ea29f9f8,evt_3a1f52a9cf875c34,Justin Thomas,PGA,78.14,75.32,30,0.42,6.7000,7.0500,8.3700,5.8500
PGA Championship Test Market,2020-08-08T00:39:24.831903,estk_3a1f52a9cf875c343116b24358a8f507,evt_3a1f52a9cf875c34,Louis Oosthuizen,PGA,73.68,74.21,30,0.4,6.0500,6.4800,7.7100,4.4800
PGA Championship Test Market,2020-08-08T00:39:24.831919,estk_3a1f52a9cf875c34fe200133ec8a6c41,evt_3a1f52a9cf875c34,Tyrrell Hatton,PGA,75.11,71.06,29,0.44,4.1600,6.1300,5.9300,2.8500
PGA Championship Test Market,2020-08-08T00:39:24.831930,estk_3a1f52a9cf875c34e64a0e6fb2b31683,evt_3a1f52a9cf875c34,Rafa Cabrera Bello,PGA,72.99,66.6,25,0.43,2.5400,4.1500,4.0700,1.7000
PGA Championship Test Market,2020-08-08T00:49:25.552189,estk_3a1f52a9cf875c34c2291b803160b17e,evt_3a1f52a9cf875c34,Daniel Berger,PGA,75.51,81.02,41,0.47,11.2000,5.8800,12.8700,9.4300
PGA Championship Test Market,2020-08-08T00:49:25.552218,estk_3a1f52a9cf875c34f659aa7b5b2176ee,evt_3a1f52a9cf875c34,Collin Morikawa,PGA,79.54,79.54,35,0.44,9.8900,7.8000,11.4500,8.5300
PGA Championship Test Market,2020-08-08T00:49:25.552224,estk_3a1f52a9cf875c34db5881f101cec470,evt_3a1f52a9cf875c34,Justin Rose,PGA,75.99,79.55,37,0.44,9.8300,6.0800,11.6000,8.2600
PGA Championship Test Market,2020-08-08T00:49:25.552258,estk_3a1f52a9cf875c34d84407620d2d9cf0,evt_3a1f52a9cf875c34,Tony Finau,PGA,75.05,76.53,39,0.5,7.2000,5.6800,9.3000,6.3000
PGA Championship Test Market,2020-08-08T00:49:25.552266,estk_3a1f52a9cf875c34277e17576c06f23a,evt_3a1f52a9cf875c34,Abraham Ancer,PGA,76.31,75.79,30,0.4,7.0700,6.2300,8.7500,5.5000
PGA Championship Test Market,2020-08-08T00:59:26.135164,estk_3a1f52a9cf875c34c2291b803160b17e,evt_3a1f52a9cf875c34,Daniel Berger,PGA,75.51,79.51,41,0.49,10.0700,5.8800,11.7600,9.0000
PGA Championship Test Market,2020-08-08T00:59:26.135170,estk_3a1f52a9cf875c34f659aa7b5b2176ee,evt_3a1f52a9cf875c34,Collin Morikawa,PGA,79.54,78.95,36,0.46,9.6100,7.8000,11.4500,8.5300
PGA Championship Test Market,2020-08-08T00:59:26.135175,estk_3a1f52a9cf875c348eb46850755a695e,evt_3a1f52a9cf875c34,Xander Schauffele,PGA,78.03,78.8,39,0.49,9.4300,7.0500,11.1300,8.4000
PGA Championship Test Market,2020-08-08T00:59:26.135195,estk_3a1f52a9cf875c3433ae0bbc78db2949,evt_3a1f52a9cf875c34,Dustin Johnson,PGA,73.92,76.4,35,0.44,7.6200,7.0600,8.9100,6.0100
PGA Championship Test Market,2020-08-08T00:59:26.135203,estk_3a1f52a9cf875c34385c664e153f199a,evt_3a1f52a9cf875c34,Rory McIlroy,PGA,78.84,75.94,31,0.43,7.2900,7.4000,8.6800,5.6600
PGA Championship Test Market,2020-08-08T00:59:26.135211,estk_3a1f52a9cf875c34e0b5b2fc83a00c65,evt_3a1f52a9cf875c34,Gary Woodland,PGA,78.98,75.65,33,0.46,6.9600,7.5500,8.7700,5.5700
PGA Championship Test Market,2020-08-08T00:59:26.135219,estk_3a1f52a9cf875c34514f8f232f286c88,evt_3a1f52a9cf875c34,Tiger Woods,PGA,76.3,74.49,31,0.43,6.2900,8.8100,8.3300,5.1800
PGA Championship Test Market,2020-08-08T00:59:26.135224,estk_3a1f52a9cf875c34077d445dd9eef8da,evt_3a1f52a9cf875c34,Patrick Cantlay,PGA,79.79,74.9,35,0.5,6.2700,7.9100,7.5200,4.7400
PGA Championship Test Market,2020-08-08T00:59:26.135232,estk_3a1f52a9cf875c346e48ec89ea29f9f8,evt_3a1f52a9cf875c34,Justin Thomas,PGA,78.14,73.54,29,0.43,5.6500,7.0500,7.3000,4.1500
PGA Championship Test Market,2020-08-08T00:59:26.135236,estk_3a1f52a9cf875c343116b24358a8f507,evt_3a1f52a9cf875c34,Louis Oosthuizen,PGA,73.68,72.73,30,0.42,5.1900,6.4800,6.7700,4.3100
PGA Championship Test Market,2020-08-08T00:59:26.135249,estk_3a1f52a9cf875c34fe200133ec8a6c41,evt_3a1f52a9cf875c34,Tyrrell Hatton,PGA,75.11,70.56,30,0.46,3.9400,6.1300,5.9300,2.8500
PGA Championship Test Market,2020-08-08T00:59:26.135257,estk_3a1f52a9cf875c34e64a0e6fb2b31683,evt_3a1f52a9cf875c34,Rafa Cabrera Bello,PGA,72.99,66.87,26,0.44,2.5900,4.1500,4.0700,1.6400
PGA Championship Test Market,2020-08-08T01:09:26.648924,estk_3a1f52a9cf875c34db5881f101cec470,evt_3a1f52a9cf875c34,Justin Rose,PGA,75.99,80.03,39,0.46,10.5200,6.0800,12.1600,8.5600
PGA Championship Test Market,2020-08-08T01:09:26.648978,estk_3a1f52a9cf875c3433ae0bbc78db2949,evt_3a1f52a9cf875c34,Dustin Johnson,PGA,73.92,76.92,37,0.46,7.9400,7.0600,9.4600,6.0100
PGA Championship Test Market,2020-08-08T01:09:26.648994,estk_3a1f52a9cf875c34385c664e153f199a,evt_3a1f52a9cf875c34,Rory McIlroy,PGA,78.84,76.15,32,0.44,7.3700,7.4000,8.6800,5.6900
PGA Championship Test Market,2020-08-08T01:09:26.649003,estk_3a1f52a9cf875c34277e17576c06f23a,evt_3a1f52a9cf875c34,Abraham Ancer,PGA,76.31,75.26,31,0.42,6.7900,6.2300,8.7500,5.7100
PGA Championship Test Market,2020-08-08T01:09:26.649011,estk_3a1f52a9cf875c34514f8f232f286c88,evt_3a1f52a9cf875c34,Tiger Woods,PGA,76.3,74.73,32,0.44,6.3700,8.8100,7.8200,5.1800
PGA Championship Test Market,2020-08-08T01:09:26.649023,estk_3a1f52a9cf875c346e48ec89ea29f9f8,evt_3a1f52a9cf875c34,Justin Thomas,PGA,78.14,73.76,30,0.44,5.6500,7.0500,7.3000,4.1500
PGA Championship Test Market,2020-08-08T01:09:26.649039,estk_3a1f52a9cf875c34fe200133ec8a6c41,evt_3a1f52a9cf875c34,Tyrrell Hatton,PGA,75.11,70.81,31,0.47,3.9600,6.1300,5.9300,2.8500
PGA Championship Test Market,2020-08-08T01:19:27.198826,estk_3a1f52a9cf875c34c2291b803160b17e,evt_3a1f52a9cf875c34,Daniel Berger,PGA,75.51,79.75,42,0.5,10.3900,5.8800,11.7600,8.9300
PGA Championship Test Market,2020-08-08T01:19:27.198833,estk_3a1f52a9cf875c348eb46850755a695e,evt_3a1f52a9cf875c34,Xander Schauffele,PGA,78.03,79.02,40,0.5,9.7100,7.0500,11.1300,8.3600
PGA Championship Test Market,2020-08-08T01:19:27.198838,estk_3a1f52a9cf875c34f659aa7b5b2176ee,evt_3a1f52a9cf875c34,Collin Morikawa,PGA,79.54,79.16,37,0.47,9.6900,7.8000,11.4500,8.5300
PGA Championship Test Market,2020-08-08T01:19:27.198875,estk_3a1f52a9cf875c34385c664e153f199a,evt_3a1f52a9cf875c34,Rory McIlroy,PGA,78.84,75.57,33,0.46,6.8800,7.4000,8.6800,5.6900
PGA Championship Test Market,2020-08-08T01:19:27.198895,estk_3a1f52a9cf875c343116b24358a8f507,evt_3a1f52a9cf875c34,Louis Oosthuizen,PGA,73.68,73,31,0.43,5.4200,6.4800,6.7700,3.9900
PGA Championship Test Market,2020-08-08T01:19:27.198899,estk_3a1f52a9cf875c346e48ec89ea29f9f8,evt_3a1f52a9cf875c34,Justin Thomas,PGA,78.14,73.2,31,0.46,5.3700,7.0500,6.8700,4.1500
PGA Championship Test Market,2020-08-08T01:19:27.198904,estk_3a1f52a9cf875c34514f8f232f286c88,evt_3a1f52a9cf875c34,Tiger Woods,PGA,76.3,73.2,32,0.46,5.3100,8.8100,6.9300,3.8000
PGA Championship Test Market,2020-08-08T01:19:27.198924,estk_3a1f52a9cf875c34e64a0e6fb2b31683,evt_3a1f52a9cf875c34,Rafa Cabrera Bello,PGA,72.99,66.41,27,0.46,2.4100,4.1500,4.0700,1.5900
PGA Championship Test Market,2020-08-08T01:29:27.865215,estk_3a1f52a9cf875c34db5881f101cec470,evt_3a1f52a9cf875c34,Justin Rose,PGA,75.99,80.27,40,0.47,10.7500,6.0800,12.1600,9.1100
PGA Championship Test Market,2020-08-08T01:29:27.865255,estk_3a1f52a9cf875c3433ae0bbc78db2949,evt_3a1f52a9cf875c34,Dustin Johnson,PGA,73.92,78.18,39,0.47,8.9500,7.0600,10.5000,7.3800
PGA Championship Test Market,2020-08-08T01:29:27.865259,estk_3a1f52a9cf875c34f659aa7b5b2176ee,evt_3a1f52a9cf875c34,Collin Morikawa,PGA,79.54,77.57,37,0.49,8.4000,7.8000,9.9600,6.7900
PGA Championship Test Market,2020-08-08T01:29:27.865279,estk_3a1f52a9cf875c34e0b5b2fc83a00c65,evt_3a1f52a9cf875c34,Gary Woodland,PGA,78.98,76.86,35,0.47,7.7800,7.5500,9.5100,6.2500
PGA Championship Test Market,2020-08-08T01:29:27.865287,estk_3a1f52a9cf875c34277e17576c06f23a,evt_3a1f52a9cf875c34,Abraham Ancer,PGA,76.31,75.5,32,0.43,6.9700,6.2300,8.7500,5.7100
PGA Championship Test Market,2020-08-08T01:29:27.865327,estk_3a1f52a9cf875c34fe200133ec8a6c41,evt_3a1f52a9cf875c34,Tyrrell Hatton,PGA,75.11,70.31,32,0.49,3.6900,6.1300,5.2200,2.8000
PGA Championship Test Market,2020-08-08T01:39:28.359305,estk_3a1f52a9cf875c34db5881f101cec470,evt_3a1f52a9cf875c34,Justin Rose,PGA,75.99,79.75,41,0.49,10.3000,6.0800,12.1600,9.1100
PGA Championship Test Market,2020-08-08T01:39:28.359343,estk_3a1f52a9cf875c3433ae0bbc78db2949,evt_3a1f52a9cf875c34,Dustin Johnson,PGA,73.92,77.7,40,0.49,8.5000,7.0600,10.0500,7.3800
PGA Championship Test Market,2020-08-08T01:39:28.359367,estk_3a1f52a9cf875c34385c664e153f199a,evt_3a1f52a9cf875c34,Rory McIlroy,PGA,78.84,76.79,35,0.47,7.7100,7.4000,9.4700,6.2200
PGA Championship Test Market,2020-08-08T01:39:28.359376,estk_3a1f52a9cf875c34e0b5b2fc83a00c65,evt_3a1f52a9cf875c34,Gary Woodland,PGA,78.98,76.28,36,0.49,7.2900,7.5500,8.9100,6.2500
PGA Championship Test Market,2020-08-08T01:39:28.359392,estk_3a1f52a9cf875c346e48ec89ea29f9f8,evt_3a1f52a9cf875c34,Justin Thomas,PGA,78.14,74.41,33,0.47,6.1100,7.0500,7.3000,4.4300
PGA Championship Test Market,2020-08-08T01:39:28.359400,estk_3a1f52a9cf875c34514f8f232f286c88,evt_3a1f52a9cf875c34,Tiger Woods,PGA,76.3,74.44,34,0.47,6.0500,8.8100,7.5800,4.4700
PGA Championship Test Market,2020-08-08T01:39:28.359404,estk_3a1f52a9cf875c343116b24358a8f507,evt_3a1f52a9cf875c34,Louis Oosthuizen,PGA,73.68,73.26,32,0.44,5.4300,6.4800,6.7700,3.9900
PGA Championship Test Market,2020-08-08T01:39:28.359425,estk_3a1f52a9cf875c34e64a0e6fb2b31683,evt_3a1f52a9cf875c34,Rafa Cabrera Bello,PGA,72.99,66.68,28,0.47,2.4500,4.1500,4.0700,1.5900
PGA Championship Test Market,2020-08-08T01:49:29.409538,estk_3a1f52a9cf875c34f659aa7b5b2176ee,evt_3a1f52a9cf875c34,Collin Morikawa,PGA,79.54,77.77,38,0.5,8.4600,7.8000,9.9600,6.8100
PGA Championship Test Market,2020-08-08T01:49:29.409563,estk_3a1f52a9cf875c34e0b5b2fc83a00c65,evt_3a1f52a9cf875c34,Gary Woodland,PGA,78.98,76.49,37,0.5,7.4600,7.5500,8.9100,6.2500
PGA Championship Test Market,2020-08-08T01:49:29.409567,estk_3a1f52a9cf875c34385c664e153f199a,evt_3a1f52a9cf875c34,Rory McIlroy,PGA,78.84,76.21,36,0.49,7.2700,7.4000,8.9700,6.2200
PGA Championship Test Market,2020-08-08T01:49:29.409575,estk_3a1f52a9cf875c34277e17576c06f23a,evt_3a1f52a9cf875c34,Abraham Ancer,PGA,76.31,75.73,33,0.44,7.2000,6.2300,8.7500,5.7100
PGA Championship Test Market,2020-08-08T01:49:29.409596,estk_3a1f52a9cf875c34514f8f232f286c88,evt_3a1f52a9cf875c34,Tiger Woods,PGA,76.3,73.91,35,0.49,5.6800,8.8100,7.5800,4.4700
PGA Championship Test Market,2020-08-08T01:49:29.409600,estk_3a1f52a9cf875c343116b24358a8f507,evt_3a1f52a9cf875c34,Louis Oosthuizen,PGA,73.68,72.79,33,0.46,5.0700,6.4800,6.7700,3.9900
PGA Championship Test Market,2020-08-08T01:49:29.409613,estk_3a1f52a9cf875c34fe200133ec8a6c41,evt_3a1f52a9cf875c34,Tyrrell Hatton,PGA,75.11,70.56,33,0.5,3.7300,6.1300,5.2200,2.7600
PGA Championship Test Market,2020-08-08T01:49:29.409621,estk_3a1f52a9cf875c34e64a0e6fb2b31683,evt_3a1f52a9cf875c34,Rafa Cabrera Bello,PGA,72.99,65.22,28,0.49,2.0400,4.1500,3.5700,1.1100
PGA Championship Test Market,2020-08-08T01:59:29.951251,estk_3a1f52a9cf875c34db5881f101cec470,evt_3a1f52a9cf875c34,Justin Rose,PGA,75.99,80,42,0.5,10.6800,6.0800,12.1600,9.1100
PGA Championship Test Market,2020-08-08T01:59:29.951307,estk_3a1f52a9cf875c3433ae0bbc78db2949,evt_3a1f52a9cf875c34,Dustin Johnson,PGA,73.92,76.96,40,0.5,7.9300,7.0600,9.4100,6.7500
PGA Championship Test Market,2020-08-08T01:59:29.951332,estk_3a1f52a9cf875c34277e17576c06f23a,evt_3a1f52a9cf875c34,Abraham Ancer,PGA,76.31,75.21,34,0.46,6.6600,6.2300,8.7500,5.7100
PGA Championship Test Market,2020-08-08T01:59:29.951344,estk_3a1f52a9cf875c343116b24358a8f507,evt_3a1f52a9cf875c34,Louis Oosthuizen,PGA,73.68,74.05,35,0.47,5.9100,6.4800,7.5000,4.2600
PGA Championship Test Market,2020-08-08T01:59:29.951352,estk_3a1f52a9cf875c346e48ec89ea29f9f8,evt_3a1f52a9cf875c34,Justin Thomas,PGA,78.14,73.85,34,0.49,5.6200,7.0500,7.1400,4.4500
PGA Championship Test Market,2020-08-08T02:09:30.500217,estk_3a1f52a9cf875c34385c664e153f199a,evt_3a1f52a9cf875c34,Rory McIlroy,PGA,78.84,76.42,37,0.5,7.2900,7.4000,8.9700,6.2200
PGA Championship Test Market,2020-08-08T02:09:30.500222,estk_3a1f52a9cf875c34277e17576c06f23a,evt_3a1f52a9cf875c34,Abraham Ancer,PGA,76.31,75.44,35,0.47,6.9000,6.2300,8.2400,5.7100
PGA Championship Test Market,2020-08-08T02:09:30.500238,estk_3a1f52a9cf875c34514f8f232f286c88,evt_3a1f52a9cf875c34,Tiger Woods,PGA,76.3,74.15,36,0.5,5.7900,8.8100,7.1800,4.4700
PGA Championship Test Market,2020-08-08T02:09:30.500242,estk_3a1f52a9cf875c346e48ec89ea29f9f8,evt_3a1f52a9cf875c34,Justin Thomas,PGA,78.14,74.07,35,0.5,5.7200,7.0500,7.1400,4.4500
PGA Championship Test Market,2020-08-08T02:09:30.500247,estk_3a1f52a9cf875c343116b24358a8f507,evt_3a1f52a9cf875c34,Louis Oosthuizen,PGA,73.68,73.58,36,0.49,5.4400,6.4800,7.5000,4.2900
PGA Championship Test Market,2020-08-08T02:09:30.500268,estk_3a1f52a9cf875c34e64a0e6fb2b31683,evt_3a1f52a9cf875c34,Rafa Cabrera Bello,PGA,72.99,64.5,28,0.5,1.8800,4.1500,3.5600,1.0600
PGA Championship Test Market,2020-08-08T02:19:31.029911,estk_3a1f52a9cf875c34277e17576c06f23a,evt_3a1f52a9cf875c34,Abraham Ancer,PGA,76.31,74.92,36,0.49,6.3500,6.2300,8.2400,5.4700
PGA Championship Test Market,2020-08-08T02:19:31.029933,estk_3a1f52a9cf875c343116b24358a8f507,evt_3a1f52a9cf875c34,Louis Oosthuizen,PGA,73.68,71.84,35,0.5,4.4600,6.4800,6.0900,3.6300
PGA Championship Test Market,2020-08-08T02:29:31.533633,estk_3a1f52a9cf875c34277e17576c06f23a,evt_3a1f52a9cf875c34,Abraham Ancer,PGA,76.31,75.16,37,0.5,6.6500,6.2300,8.2400,5.4700
PGA Championship Test Market,2020-08-08T03:29:35.014123,estk_3a1f52a9cf875c34fe200133ec8a6c41,evt_3a1f52a9cf875c34,Tyrrell Hatton,PGA,75.11,33,33,1,1.0000,2.5400,2.5200,
PGA Championship Test Market,2020-08-08T03:29:35.014128,estk_3a1f52a9cf875c34e64a0e6fb2b31683,evt_3a1f52a9cf875c34,Rafa Cabrera Bello,PGA,72.99,28,28,1,1.0000,4.1500,2.5200,
PGA Championship Test Market,2020-08-08T03:29:35.014132,estk_3a1f52a9cf875c34dc1e23aa4cb30164,evt_3a1f52a9cf875c34,Marc Leishman,PGA,72.48,34,34,1,1.0000,4.9400,2.5200,
PGA Championship Test Market,2020-08-08T16:00:17.971881,estk_3a1f52a9cf875c346e48ec89ea29f9f8,evt_3a1f52a9cf875c34,Justin Thomas,PGA,78.14,74.29,36,0.51,6.2400,7.0500,7.6100,4.5800
PGA Championship Test Market,2020-08-08T16:00:17.971895,estk_3a1f52a9cf875c343116b24358a8f507,evt_3a1f52a9cf875c34,Louis Oosthuizen,PGA,73.68,71.63,37,0.53,4.5200,6.4800,6.0900,3.2300
PGA Championship Test Market,2020-08-08T16:10:18.535161,estk_3a1f52a9cf875c346e48ec89ea29f9f8,evt_3a1f52a9cf875c34,Justin Thomas,PGA,78.14,74.73,38,0.53,6.5000,7.0500,7.7600,4.5800
PGA Championship Test Market,2020-08-08T16:20:19.051757,estk_3a1f52a9cf875c346e48ec89ea29f9f8,evt_3a1f52a9cf875c34,Justin Thomas,PGA,78.14,74.94,39,0.54,6.5200,7.0500,7.7600,4.8500
PGA Championship Test Market,2020-08-08T16:20:19.051766,estk_3a1f52a9cf875c34077d445dd9eef8da,evt_3a1f52a9cf875c34,Patrick Cantlay,PGA,79.79,74.5,37,0.53,6.3000,7.9100,8.0100,5.0900
PGA Championship Test Market,2020-08-08T16:20:19.051778,estk_3a1f52a9cf875c343116b24358a8f507,evt_3a1f52a9cf875c34,Louis Oosthuizen,PGA,73.68,72.42,40,0.56,4.8600,6.4800,6.0900,3.2300
PGA Championship Test Market,2020-08-08T16:40:20.144566,estk_3a1f52a9cf875c346e48ec89ea29f9f8,evt_3a1f52a9cf875c34,Justin Thomas,PGA,78.14,75.38,41,0.56,6.7500,7.0500,7.7600,4.8500
PGA Championship Test Market,2020-08-08T16:40:20.144575,estk_3a1f52a9cf875c34077d445dd9eef8da,evt_3a1f52a9cf875c34,Patrick Cantlay,PGA,79.79,74.7,38,0.54,6.3500,7.9100,8.0100,5.0900
PGA Championship Test Market,2020-08-08T16:50:20.687057,estk_3a1f52a9cf875c346e48ec89ea29f9f8,evt_3a1f52a9cf875c34,Justin Thomas,PGA,78.14,76.6,43,0.57,7.6100,7.0500,8.3900,4.5400
PGA Championship Test Market,2020-08-08T16:50:20.687070,estk_3a1f52a9cf875c34077d445dd9eef8da,evt_3a1f52a9cf875c34,Patrick Cantlay,PGA,79.79,75.11,40,0.56,6.5300,7.9100,8.0100,5.0900
PGA Championship Test Market,2020-08-08T16:50:20.687082,estk_3a1f52a9cf875c343116b24358a8f507,evt_3a1f52a9cf875c34,Louis Oosthuizen,PGA,73.68,72.95,42,0.58,5.0500,6.4800,6.6500,3.4500
PGA Championship Test Market,2020-08-08T17:00:21.559904,estk_3a1f52a9cf875c346e48ec89ea29f9f8,evt_3a1f52a9cf875c34,Justin Thomas,PGA,78.14,77.82,45,0.58,8.5300,7.0500,10.2000,6.8600
PGA Championship Test Market,2020-08-08T17:10:22.160885,estk_3a1f52a9cf875c346e48ec89ea29f9f8,evt_3a1f52a9cf875c34,Justin Thomas,PGA,78.14,78.26,47,0.6,8.9800,7.0500,10.2000,6.8600
PGA Championship Test Market,2020-08-08T17:10:22.160946,estk_3a1f52a9cf875c343116b24358a8f507,evt_3a1f52a9cf875c34,Louis Oosthuizen,PGA,73.68,73.47,44,0.6,5.2100,6.5900,6.5300,3.4500
PGA Championship Test Market,2020-08-08T17:10:22.160950,estk_3a1f52a9cf875c346db374755563ce83,evt_3a1f52a9cf875c34,Bubba Watson,PGA,74.72,71.61,35,0.51,4.5000,5.9300,6.4400,3.5700
PGA Championship Test Market,2020-08-08T17:20:22.978219,estk_3a1f52a9cf875c34077d445dd9eef8da,evt_3a1f52a9cf875c34,Patrick Cantlay,PGA,79.79,75.31,41,0.57,6.6500,7.9100,8.0100,5.0900
PGA Championship Test Market,2020-08-08T17:20:22.978228,estk_3a1f52a9cf875c34514f8f232f286c88,evt_3a1f52a9cf875c34,Tiger Woods,PGA,76.3,74.39,37,0.51,6.1700,8.8100,7.5800,4.6400
PGA Championship Test Market,2020-08-08T17:20:22.978237,estk_3a1f52a9cf875c343116b24358a8f507,evt_3a1f52a9cf875c34,Louis Oosthuizen,PGA,73.68,71.74,43,0.61,4.2700,6.5900,6.5900,3.2600
PGA Championship Test Market,2020-08-08T17:20:22.978241,estk_3a1f52a9cf875c34a8b79a109f7cf8a2,evt_3a1f52a9cf875c34,Byeong Hun An,PGA,72.66,70.6,35,0.51,4.0400,6.0600,5.6200,3.0300
PGA Championship Test Market,2020-08-08T17:30:24.039559,estk_3a1f52a9cf875c346e48ec89ea29f9f8,evt_3a1f52a9cf875c34,Justin Thomas,PGA,78.14,77.47,47,0.61,8.3900,7.0500,10.2000,6.8600
PGA Championship Test Market,2020-08-08T17:30:24.039593,estk_3a1f52a9cf875c34077d445dd9eef8da,evt_3a1f52a9cf875c34,Patrick Cantlay,PGA,79.79,75.51,42,0.58,6.7900,7.9100,8.0100,5.1500
PGA Championship Test Market,2020-08-08T17:30:24.039601,estk_3a1f52a9cf875c34514f8f232f286c88,evt_3a1f52a9cf875c34,Tiger Woods,PGA,76.3,73.86,38,0.53,5.9200,8.8100,7.5800,4.6400
PGA Championship Test Market,2020-08-08T17:30:24.039609,estk_3a1f52a9cf875c346db374755563ce83,evt_3a1f52a9cf875c34,Bubba Watson,PGA,74.72,70.37,36,0.54,3.8500,5.9300,5.4300,3.5200
PGA Championship Test Market,2020-08-08T17:30:24.039614,estk_3a1f52a9cf875c34a8b79a109f7cf8a2,evt_3a1f52a9cf875c34,Byeong Hun An,PGA,72.66,70.15,36,0.53,3.8100,6.0600,5.3900,3.0000
PGA Championship Test Market,2020-08-08T17:40:24.508795,estk_3a1f52a9cf875c346e48ec89ea29f9f8,evt_3a1f52a9cf875c34,Justin Thomas,PGA,78.14,75.91,47,0.63,6.9900,7.0500,8.6300,5.3500
PGA Championship Test Market,2020-08-08T17:40:24.508808,estk_3a1f52a9cf875c34077d445dd9eef8da,evt_3a1f52a9cf875c34,Patrick Cantlay,PGA,79.79,74.92,43,0.6,6.4200,7.9100,8.1500,5.1500
PGA Championship Test Market,2020-08-08T17:40:24.508812,estk_3a1f52a9cf875c34514f8f232f286c88,evt_3a1f52a9cf875c34,Tiger Woods,PGA,76.3,74.1,39,0.54,6.0600,8.8100,7.5800,4.6400
PGA Championship Test Market,2020-08-08T17:40:24.508816,estk_3a1f52a9cf875c34a8b79a109f7cf8a2,evt_3a1f52a9cf875c34,Byeong Hun An,PGA,72.66,71.42,38,0.54,4.4500,6.0600,5.5600,2.9600
PGA Championship Test Market,2020-08-08T17:40:24.508821,estk_3a1f52a9cf875c343116b24358a8f507,evt_3a1f52a9cf875c34,Louis Oosthuizen,PGA,73.68,71.26,44,0.63,4.1200,6.5900,5.8400,3.2600
PGA Championship Test Market,2020-08-08T17:40:24.508825,estk_3a1f52a9cf875c346db374755563ce83,evt_3a1f52a9cf875c34,Bubba Watson,PGA,74.72,69.88,37,0.56,3.6500,5.9300,5.4300,3.0000
PGA Championship Test Market,2020-08-08T17:50:25.135236,estk_3a1f52a9cf875c34077d445dd9eef8da,evt_3a1f52a9cf875c34,Patrick Cantlay,PGA,79.79,75.12,44,0.61,6.5000,7.9100,8.0300,5.1500
PGA Championship Test Market,2020-08-08T17:50:25.135245,estk_3a1f52a9cf875c343116b24358a8f507,evt_3a1f52a9cf875c34,Louis Oosthuizen,PGA,73.68,73.52,47,0.64,5.3100,6.5900,5.8600,3.1800
PGA Championship Test Market,2020-08-08T17:50:25.135249,estk_3a1f52a9cf875c34a8b79a109f7cf8a2,evt_3a1f52a9cf875c34,Byeong Hun An,PGA,72.66,70.97,39,0.56,4.1100,6.0600,5.6200,2.9600
PGA Championship Test Market,2020-08-08T18:00:25.704334,estk_3a1f52a9cf875c346e48ec89ea29f9f8,evt_3a1f52a9cf875c34,Justin Thomas,PGA,78.14,77.35,50,0.65,8.1500,7.0500,8.7600,6.4900
PGA Championship Test Market,2020-08-08T18:00:25.704359,estk_3a1f52a9cf875c34077d445dd9eef8da,evt_3a1f52a9cf875c34,Patrick Cantlay,PGA,79.79,75.52,46,0.63,6.6100,7.9100,8.0300,5.1500
PGA Championship Test Market,2020-08-08T18:00:25.704367,estk_3a1f52a9cf875c343116b24358a8f507,evt_3a1f52a9cf875c34,Louis Oosthuizen,PGA,73.68,74.79,49,0.65,6.0100,6.5900,6.8800,4.3900
PGA Championship Test Market,2020-08-08T18:00:25.704372,estk_3a1f52a9cf875c34514f8f232f286c88,evt_3a1f52a9cf875c34,Tiger Woods,PGA,76.3,73.57,40,0.56,5.5100,8.8100,7.5800,4.6400
PGA Championship Test Market,2020-08-08T18:00:25.704376,estk_3a1f52a9cf875c34a8b79a109f7cf8a2,evt_3a1f52a9cf875c34,Byeong Hun An,PGA,72.66,70.24,39,0.57,3.7200,6.0600,5.6200,2.9400
PGA Championship Test Market,2020-08-08T18:00:25.704381,estk_3a1f52a9cf875c346db374755563ce83,evt_3a1f52a9cf875c34,Bubba Watson,PGA,74.72,70.13,38,0.57,3.6300,5.9300,5.4300,2.4000
PGA Championship Test Market,2020-08-08T18:10:26.486440,estk_3a1f52a9cf875c34514f8f232f286c88,evt_3a1f52a9cf875c34,Tiger Woods,PGA,76.3,73.81,41,0.57,5.5700,8.8100,7.1200,4.6100
PGA Championship Test Market,2020-08-08T18:10:26.486445,estk_3a1f52a9cf875c343116b24358a8f507,evt_3a1f52a9cf875c34,Louis Oosthuizen,PGA,73.68,73.31,49,0.67,5.0100,6.5900,,
PGA Championship Test Market,2020-08-08T18:10:26.486450,estk_3a1f52a9cf875c346db374755563ce83,evt_3a1f52a9cf875c34,Bubba Watson,PGA,74.72,70.38,39,0.58,3.7800,5.9300,5.4300,2.4000
PGA Championship Test Market,2020-08-08T18:20:27.109797,estk_3a1f52a9cf875c346e48ec89ea29f9f8,evt_3a1f52a9cf875c34,Justin Thomas,PGA,78.14,76.79,51,0.67,8.1300,7.0500,9.8100,6.4900
PGA Championship Test Market,2020-08-08T18:20:27.109822,estk_3a1f52a9cf875c34077d445dd9eef8da,evt_3a1f52a9cf875c34,Patrick Cantlay,PGA,79.79,75.72,47,0.64,6.7100,7.9100,8.0300,5.1500
PGA Championship Test Market,2020-08-08T18:20:27.109830,estk_3a1f52a9cf875c34514f8f232f286c88,evt_3a1f52a9cf875c34,Tiger Woods,PGA,76.3,74.05,42,0.58,5.6600,8.8100,7.1200,4.6100
PGA Championship Test Market,2020-08-08T18:20:27.109834,estk_3a1f52a9cf875c343116b24358a8f507,evt_3a1f52a9cf875c34,Louis Oosthuizen,PGA,73.68,72.58,49,0.68,5.0300,6.5900,6.5500,3.4100
PGA Championship Test Market,2020-08-08T18:20:27.109838,estk_3a1f52a9cf875c346db374755563ce83,evt_3a1f52a9cf875c34,Bubba Watson,PGA,74.72,69.89,40,0.6,3.7500,5.9300,5.4300,2.4000
PGA Championship Test Market,2020-08-08T18:20:27.109843,estk_3a1f52a9cf875c34a8b79a109f7cf8a2,evt_3a1f52a9cf875c34,Byeong Hun An,PGA,72.66,71.52,41,0.58,3.7200,6.0600,5.2900,2.8000
PGA Championship Test Market,2020-08-08T18:30:27.692533,estk_3a1f52a9cf875c346e48ec89ea29f9f8,evt_3a1f52a9cf875c34,Justin Thomas,PGA,78.14,77,52,0.68,7.7700,7.0500,9.1600,6.4900
PGA Championship Test Market,2020-08-08T18:30:27.692542,estk_3a1f52a9cf875c34077d445dd9eef8da,evt_3a1f52a9cf875c34,Patrick Cantlay,PGA,79.79,75.93,48,0.65,6.9300,7.9100,8.1500,5.2200
PGA Championship Test Market,2020-08-08T18:30:27.692558,estk_3a1f52a9cf875c343116b24358a8f507,evt_3a1f52a9cf875c34,Louis Oosthuizen,PGA,73.68,72.84,50,0.69,4.6400,6.5900,6.1200,3.4100
PGA Championship Test Market,2020-08-08T18:30:27.692563,estk_3a1f52a9cf875c34a8b79a109f7cf8a2,evt_3a1f52a9cf875c34,Byeong Hun An,PGA,72.66,72.06,43,0.6,4.5200,6.0600,5.6200,2.8000
PGA Championship Test Market,2020-08-08T18:30:27.692567,estk_3a1f52a9cf875c346db374755563ce83,evt_3a1f52a9cf875c34,Bubba Watson,PGA,74.72,70.14,41,0.61,3.5100,5.9300,5.4300,2.4000
PGA Championship Test Market,2020-08-08T18:40:28.602212,estk_3a1f52a9cf875c34077d445dd9eef8da,evt_3a1f52a9cf875c34,Patrick Cantlay,PGA,79.79,75.33,49,0.67,6.9200,7.9100,8.1500,5.2200
PGA Championship Test Market,2020-08-08T18:40:28.602217,estk_3a1f52a9cf875c34277e17576c06f23a,evt_3a1f52a9cf875c34,Abraham Ancer,PGA,76.31,75.39,38,0.51,6.9100,6.2300,8.2400,5.4700
PGA Championship Test Market,2020-08-08T18:40:28.602226,estk_3a1f52a9cf875c34514f8f232f286c88,evt_3a1f52a9cf875c34,Tiger Woods,PGA,76.3,73.52,43,0.6,5.8100,8.8100,7.1200,4.6100
PGA Championship Test Market,2020-08-08T18:50:29.424437,estk_3a1f52a9cf875c34385c664e153f199a,evt_3a1f52a9cf875c34,Rory McIlroy,PGA,78.84,76.63,38,0.51,7.8300,7.4000,9.4100,6.2800
PGA Championship Test Market,2020-08-08T18:50:29.424442,estk_3a1f52a9cf875c346e48ec89ea29f9f8,evt_3a1f52a9cf875c34,Justin Thomas,PGA,78.14,77.22,53,0.69,7.8100,7.0500,9.1600,6.4900
PGA Championship Test Market,2020-08-08T18:50:29.424451,estk_3a1f52a9cf875c34277e17576c06f23a,evt_3a1f52a9cf875c34,Abraham Ancer,PGA,76.31,74.87,39,0.53,7.0500,6.2300,8.2400,5.4900
PGA Championship Test Market,2020-08-08T18:50:29.424459,estk_3a1f52a9cf875c34077d445dd9eef8da,evt_3a1f52a9cf875c34,Patrick Cantlay,PGA,79.79,75.53,50,0.68,6.3400,7.9100,7.9900,5.2200
PGA Championship Test Market,2020-08-08T18:50:29.424463,estk_3a1f52a9cf875c34514f8f232f286c88,evt_3a1f52a9cf875c34,Tiger Woods,PGA,76.3,72.76,43,0.61,5.3400,8.8100,7.0200,4.4700
PGA Championship Test Market,2020-08-08T18:50:29.424468,estk_3a1f52a9cf875c343116b24358a8f507,evt_3a1f52a9cf875c34,Louis Oosthuizen,PGA,73.68,72.37,51,0.71,4.6600,6.5900,6.1200,3.4100
PGA Championship Test Market,2020-08-08T18:50:29.424472,estk_3a1f52a9cf875c34a8b79a109f7cf8a2,evt_3a1f52a9cf875c34,Byeong Hun An,PGA,72.66,71.88,45,0.63,4.5200,6.0600,5.6900,2.9800
PGA Championship Test Market,2020-08-08T18:50:29.424477,estk_3a1f52a9cf875c346db374755563ce83,evt_3a1f52a9cf875c34,Bubba Watson,PGA,74.72,70.65,43,0.63,3.5600,5.9300,5.4300,2.4000
