name,time,id,event_id,stock_name,sector,fantasy_points_projected,fantasy_points_projected_live,fantasy_points_scored,amount_completed,estimated_price,last_price,ask_price,bid_price
$500 NBA Daily 8/7,2020-08-07T10:36:13.234305,estk_2d63906a7d7f57707a763361bd2f9a08,evt_2d63906a7d7f5770,Joel Embiid,NBA,46.09,,,,11.3000,9.0400,,
$500 NBA Daily 8/7,2020-08-07T10:36:13.234305,estk_2d63906a7d7f577092a366f55dc75d93,evt_2d63906a7d7f5770,Jrue Holiday,NBA,38.96,,,,8.4400,6.7900,,
$500 NBA Daily 8/7,2020-08-07T10:36:13.234305,estk_2d63906a7d7f577010eefe2828c2cb3c,evt_2d63906a7d7f5770,Thomas Bryant,NBA,38.11,,,,8.1800,6.5500,,
$500 NBA Daily 8/7,2020-08-07T10:36:13.234305,estk_2d63906a7d7f5770f6c7d554d2fa9f75,evt_2d63906a7d7f5770,Nikola Vucevic,NBA,37.67,,,,8.0800,6.4300,,
$500 NBA Daily 8/7,2020-08-07T10:36:13.234305,estk_2d63906a7d7f5770da4bddbbc347c31f,evt_2d63906a7d7f5770,Jayson Tatum,NBA,36.54,,,,7.5900,6.1400,,
$500 NBA Daily 8/7,2020-08-07T10:36:13.234305,estk_2d63906a7d7f5770fcc6299cf30b55e3,evt_2d63906a7d7f5770,Ben Simmons,NBA,35.58,,,,7.3400,5.8700,,
$500 NBA Daily 8/7,2020-08-07T10:36:13.234305,estk_2d63906a7d7f57707c131e7cfd4ca8ad,evt_2d63906a7d7f5770,Pascal Siakam,NBA,35.43,,,,7.2400,5.8100,,
$500 NBA Daily 8/7,2020-08-07T10:36:13.234305,estk_2d63906a7d7f57709f778e9b41f860a6,evt_2d63906a7d7f5770,Zion Williamson,NBA,33.85,,,,6.7800,5.4400,,
$500 NBA Daily 8/7,2020-08-07T10:36:13.234305,estk_2d63906a7d7f577050924ad9a2f1f059,evt_2d63906a7d7f5770,Brandon Ingram,NBA,33.96,,,,6.7600,5.4700,,
$500 NBA Daily 8/7,2020-08-07T10:36:13.234305,estk_2d63906a7d7f5770cd439276c8d11f5d,evt_2d63906a7d7f5770,Fred VanVleet,NBA,32.43,,,,6.2600,5.1000,,
$500 NBA Daily 8/7,2020-08-07T10:36:13.235301,estk_2d63906a7d7f5770f7c5bbc448149f99,evt_2d63906a7d7f5770,Gordon Hayward,NBA,31.38,,,,5.9500,4.8400,,
$500 NBA Daily 8/7,2020-08-07T10:36:13.235301,estk_2d63906a7d7f5770a9edb859d18234d0,evt_2d63906a7d7f5770,Kemba Walker,NBA,30.97,,,,5.8800,4.7500,,
$500 NBA Daily 8/7,2020-08-07T10:36:13.235301,estk_2d63906a7d7f57704b8c495d9fa8db90,evt_2d63906a7d7f5770,Jaylen Brown,NBA,30.74,,,,5.8000,4.6900,,
$500 NBA Daily 8/7,2020-08-07T10:36:13.235301,estk_2d63906a7d7f5770cc28fb3568e3a1d6,evt_2d63906a7d7f5770,Kyle Lowry,NBA,30.33,,,,5.6600,4.6500,,
$500 NBA Daily 8/7,2020-08-07T10:36:13.235301,estk_2d63906a7d7f577055ca3ac70f0e0b62,evt_2d63906a7d7f5770,Lonzo Ball,NBA,29.82,,,,5.5400,4.5600,,
$500 NBA Daily 8/7,2020-08-07T10:36:13.235301,estk_2d63906a7d7f577077c3d3d4d8ad15c5,evt_2d63906a7d7f5770,Tobias Harris,NBA,29.74,,,,5.4900,4.4900,,
$500 NBA Daily 8/7,2020-08-07T10:36:13.235301,estk_2d63906a7d7f577063a58b55849249a4,evt_2d63906a7d7f5770,Al Horford,NBA,29.03,,,,5.2700,4.3200,,
$500 NBA Daily 8/7,2020-08-07T10:36:13.235301,estk_2d63906a7d7f577013a6a7603aa51437,evt_2d63906a7d7f5770,Troy Brown,NBA,27.03,,,,4.7900,3.9400,,
$500 NBA Daily 8/7,2020-08-07T10:36:13.235301,estk_2d63906a7d7f5770b4cad04e823623ff,evt_2d63906a7d7f5770,Derrick Favors,NBA,26.54,,,,4.6400,3.8400,,
$500 NBA Daily 8/7,2020-08-07T10:36:13.235301,estk_2d63906a7d7f5770049fe8ca7bf97ec4,evt_2d63906a7d7f5770,Marcus Smart,NBA,25.89,,,,4.5600,3.7500,,
$500 NBA Daily 8/7,2020-08-07T10:36:13.235301,estk_2d63906a7d7f5770d70447b8832098dc,evt_2d63906a7d7f5770,Rui Hachimura,NBA,25.79,,,,4.4800,3.7100,,
$500 NBA Daily 8/7,2020-08-07T10:36:13.235301,estk_2d63906a7d7f5770201a5680f9441b5c,evt_2d63906a7d7f5770,Daniel Theis,NBA,24.88,,,,4.2900,3.5500,,
$500 NBA Daily 8/7,2020-08-07T10:36:13.235301,estk_2d63906a7d7f5770d846b1bc06a60007,evt_2d63906a7d7f5770,Marc Gasol,NBA,24.09,,,,4.0900,3.4200,,
$500 NBA Daily 8/7,2020-08-07T10:36:13.235301,estk_2d63906a7d7f5770b3147c681557a264,evt_2d63906a7d7f5770,Josh Richardson,NBA,23.09,,,,3.9400,3.2500,,
$500 NBA Daily 8/7,2020-08-07T10:36:13.235301,estk_2d63906a7d7f577058d79b9f2662f624,evt_2d63906a7d7f5770,Evan Fournier,NBA,22.97,,,,3.8600,3.2200,,
$500 NBA Daily 8/7,2020-08-07T10:36:13.235301,estk_2d63906a7d7f57709f8e5b254a67e7a0,evt_2d63906a7d7f5770,Shabazz Napier,NBA,22.71,,,,3.8300,3.2000,,
$500 NBA Daily 8/7,2020-08-07T10:36:13.235301,estk_2d63906a7d7f5770acf9036f85b48468,evt_2d63906a7d7f5770,Ish Smith,NBA,21.98,,,,3.7000,3.1000,,
$500 NBA Daily 8/7,2020-08-07T10:36:13.235301,estk_2d63906a7d7f5770663b3162753394ed,evt_2d63906a7d7f5770,Terrence Ross,NBA,21.69,,,,3.6400,3.0400,,
$500 NBA Daily 8/7,2020-08-07T10:36:13.235301,estk_2d63906a7d7f57705cdd05960889fa04,evt_2d63906a7d7f5770,Serge Ibaka,NBA,21.67,,,,3.6100,3.0500,,
$500 NBA Daily 8/7,2020-08-07T10:36:13.235301,estk_2d63906a7d7f5770a1e25447b314f889,evt_2d63906a7d7f5770,Shake Milton,NBA,20.67,,,,3.4400,2.8800,,
$500 NBA Daily 8/7,2020-08-07T10:36:13.235301,estk_2d63906a7d7f577082db34a5ef5dff8e,evt_2d63906a7d7f5770,OG Anunoby,NBA,20.1,,,,3.2800,2.8100,,
$500 NBA Daily 8/7,2020-08-07T10:36:13.235301,estk_2d63906a7d7f57703298b0c055fa35dd,evt_2d63906a7d7f5770,JJ Redick,NBA,19.98,,,,3.2600,2.8000,,
$500 NBA Daily 8/7,2020-08-07T10:36:13.235301,estk_2d63906a7d7f57707d8f05cf2dd6dbea,evt_2d63906a7d7f5770,D.J. Augustin,NBA,19.57,,,,3.2200,2.7400,,
$500 NBA Daily 8/7,2020-08-07T10:36:13.235301,estk_2d63906a7d7f5770920bf5c1b3a99895,evt_2d63906a7d7f5770,Jerome Robinson,NBA,19.29,,,,3.1600,2.6900,,
$500 NBA Daily 8/7,2020-08-07T10:36:13.235301,estk_2d63906a7d7f5770156a3aaad17a2e07,evt_2d63906a7d7f5770,Isaac Bonga,NBA,19.08,,,,3.1300,2.6700,,
$500 NBA Daily 8/7,2020-08-07T10:36:13.235301,estk_2d63906a7d7f57701b62dea0e6c0b803,evt_2d63906a7d7f5770,Nicolo Melli,NBA,17.8,,,,2.9200,2.5100,,
$500 NBA Daily 8/7,2020-08-07T10:36:13.235301,estk_2d63906a7d7f5770f95aa87cc77383be,evt_2d63906a7d7f5770,Markelle Fultz,NBA,17.25,,,,2.8400,2.4400,,
$500 NBA Daily 8/7,2020-08-07T10:36:13.235301,estk_2d63906a7d7f57706de03cb5c6424ccc,evt_2d63906a7d7f5770,Norman Powell,NBA,16.29,,,,2.7300,2.3300,,
$500 NBA Daily 8/7,2020-08-07T10:36:13.235301,estk_2d63906a7d7f577089a4b98163393691,evt_2d63906a7d7f5770,Raul Neto,NBA,15.81,,,,2.7000,2.2800,,
$500 NBA Daily 8/7,2020-08-07T10:36:13.235301,estk_2d63906a7d7f577001e420d6a93820ae,evt_2d63906a7d7f5770,Josh Hart,NBA,16.04,,,,2.6500,2.3100,,
$500 NBA Daily 8/7,2020-08-07T10:36:13.235301,estk_2d63906a7d7f57702d6f8355da37442f,evt_2d63906a7d7f5770,Enes Kanter,NBA,15.28,,,,2.5700,2.2200,,
$500 NBA Daily 8/7,2020-08-07T10:36:13.235301,estk_2d63906a7d7f57708b0372db86dba9af,evt_2d63906a7d7f5770,Furkan Korkmaz,NBA,14.71,,,,2.4600,2.1800,,
$500 NBA Daily 8/7,2020-08-07T10:36:13.235301,estk_2d63906a7d7f57705684a141296027b3,evt_2d63906a7d7f5770,James Ennis,NBA,14.35,,,,2.4300,2.1400,,
$500 NBA Daily 8/7,2020-08-07T10:36:13.235301,estk_2d63906a7d7f57700b618101d2ec3008,evt_2d63906a7d7f5770,Moritz Wagner,NBA,12.62,,,,2.2500,1.9800,,
$500 NBA Daily 8/7,2020-08-07T10:36:13.235301,estk_2d63906a7d7f577092bc30f31e413420,evt_2d63906a7d7f5770,Matisse Thybulle,NBA,11.92,,,,2.1700,1.9200,,
$500 NBA Daily 8/7,2020-08-07T10:36:13.235301,estk_2d63906a7d7f5770b5fd25e4dceadb5c,evt_2d63906a7d7f5770,Terence Davis,NBA,10.73,,,,2.0400,1.8300,,
$500 NBA Daily 8/7,2020-08-07T10:36:13.235301,estk_2d63906a7d7f57705a3d5db921064e90,evt_2d63906a7d7f5770,Michael Carter-Williams,NBA,0,,,,1.0000,1.0000,,
$500 NBA Daily 8/7,2020-08-07T10:36:13.235301,estk_2d63906a7d7f577055086ea38656fe99,evt_2d63906a7d7f5770,Aaron Gordon,NBA,0,,,,1.0000,2.3600,,
$500 NBA Daily 8/7,2020-08-07T10:39:00.348896,estk_2d63906a7d7f57707a763361bd2f9a08,evt_2d63906a7d7f5770,Joel Embiid,NBA,46.09,,,,11.3300,9.0600,,
$500 NBA Daily 8/7,2020-08-07T10:39:00.348896,estk_2d63906a7d7f577092a366f55dc75d93,evt_2d63906a7d7f5770,Jrue Holiday,NBA,38.96,,,,8.5700,6.7900,,
$500 NBA Daily 8/7,2020-08-07T10:39:00.348896,estk_2d63906a7d7f577010eefe2828c2cb3c,evt_2d63906a7d7f5770,Thomas Bryant,NBA,38.11,,,,8.1900,6.5500,,
$500 NBA Daily 8/7,2020-08-07T10:39:00.348896,estk_2d63906a7d7f5770f6c7d554d2fa9f75,evt_2d63906a7d7f5770,Nikola Vucevic,NBA,37.67,,,,8.0900,6.4500,,
$500 NBA Daily 8/7,2020-08-07T10:39:00.348896,estk_2d63906a7d7f5770da4bddbbc347c31f,evt_2d63906a7d7f5770,Jayson Tatum,NBA,36.54,,,,7.6700,6.1500,,
$500 NBA Daily 8/7,2020-08-07T10:39:00.348896,estk_2d63906a7d7f5770fcc6299cf30b55e3,evt_2d63906a7d7f5770,Ben Simmons,NBA,35.58,,,,7.2700,5.8900,,
$500 NBA Daily 8/7,2020-08-07T10:39:00.348896,estk_2d63906a7d7f57707c131e7cfd4ca8ad,evt_2d63906a7d7f5770,Pascal Siakam,NBA,35.43,,,,7.2100,5.8200,,
$500 NBA Daily 8/7,2020-08-07T10:39:00.349900,estk_2d63906a7d7f57709f778e9b41f860a6,evt_2d63906a7d7f5770,Zion Williamson,NBA,33.85,,,,6.7600,5.4500,,
$500 NBA Daily 8/7,2020-08-07T10:39:00.349900,estk_2d63906a7d7f577050924ad9a2f1f059,evt_2d63906a7d7f5770,Brandon Ingram,NBA,33.96,,,,6.7500,5.4700,,
$500 NBA Daily 8/7,2020-08-07T10:39:00.349900,estk_2d63906a7d7f5770cd439276c8d11f5d,evt_2d63906a7d7f5770,Fred VanVleet,NBA,32.43,,,,6.3000,5.1000,,
$500 NBA Daily 8/7,2020-08-07T10:39:00.349900,estk_2d63906a7d7f5770f7c5bbc448149f99,evt_2d63906a7d7f5770,Gordon Hayward,NBA,31.38,,,,5.9900,4.8500,,
$500 NBA Daily 8/7,2020-08-07T10:39:00.349900,estk_2d63906a7d7f57704b8c495d9fa8db90,evt_2d63906a7d7f5770,Jaylen Brown,NBA,30.74,,,,5.7800,4.7000,,
$500 NBA Daily 8/7,2020-08-07T10:39:00.349900,estk_2d63906a7d7f5770a9edb859d18234d0,evt_2d63906a7d7f5770,Kemba Walker,NBA,30.97,,,,5.7700,4.7600,,
$500 NBA Daily 8/7,2020-08-07T10:39:00.349900,estk_2d63906a7d7f5770cc28fb3568e3a1d6,evt_2d63906a7d7f5770,Kyle Lowry,NBA,30.33,,,,5.6800,4.6500,,
$500 NBA Daily 8/7,2020-08-07T10:39:00.349900,estk_2d63906a7d7f577055ca3ac70f0e0b62,evt_2d63906a7d7f5770,Lonzo Ball,NBA,29.82,,,,5.5300,4.5600,,
$500 NBA Daily 8/7,2020-08-07T10:39:00.349900,estk_2d63906a7d7f577077c3d3d4d8ad15c5,evt_2d63906a7d7f5770,Tobias Harris,NBA,29.74,,,,5.4700,4.4900,,
$500 NBA Daily 8/7,2020-08-07T10:39:00.349900,estk_2d63906a7d7f577063a58b55849249a4,evt_2d63906a7d7f5770,Al Horford,NBA,29.03,,,,5.3400,4.3200,,
$500 NBA Daily 8/7,2020-08-07T10:39:00.349900,estk_2d63906a7d7f577013a6a7603aa51437,evt_2d63906a7d7f5770,Troy Brown,NBA,27.03,,,,4.8700,3.9400,,
$500 NBA Daily 8/7,2020-08-07T10:39:00.349900,estk_2d63906a7d7f5770b4cad04e823623ff,evt_2d63906a7d7f5770,Derrick Favors,NBA,26.54,,,,4.6700,3.8500,,
$500 NBA Daily 8/7,2020-08-07T10:39:00.349900,estk_2d63906a7d7f5770049fe8ca7bf97ec4,evt_2d63906a7d7f5770,Marcus Smart,NBA,25.89,,,,4.5300,3.7500,,
$500 NBA Daily 8/7,2020-08-07T10:39:00.349900,estk_2d63906a7d7f5770d70447b8832098dc,evt_2d63906a7d7f5770,Rui Hachimura,NBA,25.79,,,,4.4800,3.7100,,
$500 NBA Daily 8/7,2020-08-07T10:39:00.349900,estk_2d63906a7d7f5770201a5680f9441b5c,evt_2d63906a7d7f5770,Daniel Theis,NBA,24.88,,,,4.3100,3.5500,,
$500 NBA Daily 8/7,2020-08-07T10:39:00.349900,estk_2d63906a7d7f5770d846b1bc06a60007,evt_2d63906a7d7f5770,Marc Gasol,NBA,24.09,,,,4.0900,3.4300,,
$500 NBA Daily 8/7,2020-08-07T10:39:00.349900,estk_2d63906a7d7f5770b3147c681557a264,evt_2d63906a7d7f5770,Josh Richardson,NBA,23.09,,,,3.8600,3.2600,,
$500 NBA Daily 8/7,2020-08-07T10:39:00.349900,estk_2d63906a7d7f577058d79b9f2662f624,evt_2d63906a7d7f5770,Evan Fournier,NBA,22.97,,,,3.8400,3.2200,,
$500 NBA Daily 8/7,2020-08-07T10:39:00.349900,estk_2d63906a7d7f57709f8e5b254a67e7a0,evt_2d63906a7d7f5770,Shabazz Napier,NBA,22.71,,,,3.8200,3.2000,,
$500 NBA Daily 8/7,2020-08-07T10:39:00.349900,estk_2d63906a7d7f5770acf9036f85b48468,evt_2d63906a7d7f5770,Ish Smith,NBA,21.98,,,,3.6800,3.1000,,
$500 NBA Daily 8/7,2020-08-07T10:39:00.349900,estk_2d63906a7d7f5770663b3162753394ed,evt_2d63906a7d7f5770,Terrence Ross,NBA,21.69,,,,3.6100,3.0400,,
$500 NBA Daily 8/7,2020-08-07T10:39:00.349900,estk_2d63906a7d7f57705cdd05960889fa04,evt_2d63906a7d7f5770,Serge Ibaka,NBA,21.67,,,,3.5900,3.0500,,
$500 NBA Daily 8/7,2020-08-07T10:39:00.349900,estk_2d63906a7d7f5770a1e25447b314f889,evt_2d63906a7d7f5770,Shake Milton,NBA,20.67,,,,3.4100,2.8800,,
$500 NBA Daily 8/7,2020-08-07T10:39:00.349900,estk_2d63906a7d7f577082db34a5ef5dff8e,evt_2d63906a7d7f5770,OG Anunoby,NBA,20.1,,,,3.3100,2.8100,,
$500 NBA Daily 8/7,2020-08-07T10:39:00.349900,estk_2d63906a7d7f57703298b0c055fa35dd,evt_2d63906a7d7f5770,JJ Redick,NBA,19.98,,,,3.2700,2.8000,,
$500 NBA Daily 8/7,2020-08-07T10:39:00.349900,estk_2d63906a7d7f5770920bf5c1b3a99895,evt_2d63906a7d7f5770,Jerome Robinson,NBA,19.29,,,,3.2000,2.7100,,
$500 NBA Daily 8/7,2020-08-07T10:39:00.349900,estk_2d63906a7d7f57707d8f05cf2dd6dbea,evt_2d63906a7d7f5770,D.J. Augustin,NBA,19.57,,,,3.1900,2.7400,,
$500 NBA Daily 8/7,2020-08-07T10:39:00.349900,estk_2d63906a7d7f5770156a3aaad17a2e07,evt_2d63906a7d7f5770,Isaac Bonga,NBA,19.08,,,,3.1500,2.6800,,
$500 NBA Daily 8/7,2020-08-07T10:39:00.349900,estk_2d63906a7d7f57701b62dea0e6c0b803,evt_2d63906a7d7f5770,Nicolo Melli,NBA,17.8,,,,2.9500,2.5100,,
$500 NBA Daily 8/7,2020-08-07T10:39:00.349900,estk_2d63906a7d7f5770f95aa87cc77383be,evt_2d63906a7d7f5770,Markelle Fultz,NBA,17.25,,,,2.8300,2.4400,,
$500 NBA Daily 8/7,2020-08-07T10:39:00.349900,estk_2d63906a7d7f57706de03cb5c6424ccc,evt_2d63906a7d7f5770,Norman Powell,NBA,16.29,,,,2.6900,2.3300,,
$500 NBA Daily 8/7,2020-08-07T10:39:00.349900,estk_2d63906a7d7f577001e420d6a93820ae,evt_2d63906a7d7f5770,Josh Hart,NBA,16.04,,,,2.6800,2.3100,,
$500 NBA Daily 8/7,2020-08-07T10:39:00.349900,estk_2d63906a7d7f577089a4b98163393691,evt_2d63906a7d7f5770,Raul Neto,NBA,15.81,,,,2.6000,2.2800,,
$500 NBA Daily 8/7,2020-08-07T10:39:00.349900,estk_2d63906a7d7f57702d6f8355da37442f,evt_2d63906a7d7f5770,Enes Kanter,NBA,15.28,,,,2.5800,2.2300,,
$500 NBA Daily 8/7,2020-08-07T10:39:00.349900,estk_2d63906a7d7f57708b0372db86dba9af,evt_2d63906a7d7f5770,Furkan Korkmaz,NBA,14.71,,,,2.4600,2.1800,,
$500 NBA Daily 8/7,2020-08-07T10:39:00.349900,estk_2d63906a7d7f57705684a141296027b3,evt_2d63906a7d7f5770,James Ennis,NBA,14.35,,,,2.4100,2.1400,,
$500 NBA Daily 8/7,2020-08-07T10:39:00.349900,estk_2d63906a7d7f57700b618101d2ec3008,evt_2d63906a7d7f5770,Moritz Wagner,NBA,12.62,,,,2.2400,1.9800,,
$500 NBA Daily 8/7,2020-08-07T10:39:00.349900,estk_2d63906a7d7f577092bc30f31e413420,evt_2d63906a7d7f5770,Matisse Thybulle,NBA,11.92,,,,2.1500,1.9200,,
$500 NBA Daily 8/7,2020-08-07T10:39:00.349900,estk_2d63906a7d7f5770b5fd25e4dceadb5c,evt_2d63906a7d7f5770,Terence Davis,NBA,10.73,,,,2.0700,1.8300,,
$500 NBA Daily 8/7,2020-08-07T10:39:00.349900,estk_2d63906a7d7f57705a3d5db921064e90,evt_2d63906a7d7f5770,Michael Carter-Williams,NBA,0,,,,1.0000,1.0000,,
$500 NBA Daily 8/7,2020-08-07T10:39:00.349900,estk_2d63906a7d7f577055086ea38656fe99,evt_2d63906a7d7f5770,Aaron Gordon,NBA,0,,,,1.0000,2.3600,,
$500 NBA Daily 8/7,2020-08-07T15:49:11.826441,estk_2d63906a7d7f57707a763361bd2f9a08,evt_2d63906a7d7f5770,Joel Embiid,NBA,46.09,,,,11.4000,9.0900,,
$500 NBA Daily 8/7,2020-08-07T15:49:11.826472,estk_2d63906a7d7f577092a366f55dc75d93,evt_2d63906a7d7f5770,Jrue Holiday,NBA,38.96,,,,8.5100,6.8500,,
$500 NBA Daily 8/7,2020-08-07T15:49:11.826477,estk_2d63906a7d7f577010eefe2828c2cb3c,evt_2d63906a7d7f5770,Thomas Bryant,NBA,38.11,,,,8.1600,6.6300,,
$500 NBA Daily 8/7,2020-08-07T15:49:11.826481,estk_2d63906a7d7f5770f6c7d554d2fa9f75,evt_2d63906a7d7f5770,Nikola Vucevic,NBA,37.67,,,,8.0500,6.5100,,
$500 NBA Daily 8/7,2020-08-07T15:49:11.826485,estk_2d63906a7d7f5770da4bddbbc347c31f,evt_2d63906a7d7f5770,Jayson Tatum,NBA,36.54,,,,7.5900,6.1500,,
$500 NBA Daily 8/7,2020-08-07T15:49:11.826488,estk_2d63906a7d7f5770fcc6299cf30b55e3,evt_2d63906a7d7f5770,Ben Simmons,NBA,35.58,,,,7.3000,5.9300,,
$500 NBA Daily 8/7,2020-08-07T15:49:11.826492,estk_2d63906a7d7f57707c131e7cfd4ca8ad,evt_2d63906a7d7f5770,Pascal Siakam,NBA,35.43,,,,7.2200,5.8700,,
$500 NBA Daily 8/7,2020-08-07T15:49:11.826496,estk_2d63906a7d7f577050924ad9a2f1f059,evt_2d63906a7d7f5770,Brandon Ingram,NBA,33.96,,,,6.7400,5.5100,,
$500 NBA Daily 8/7,2020-08-07T15:49:11.826499,estk_2d63906a7d7f57709f778e9b41f860a6,evt_2d63906a7d7f5770,Zion Williamson,NBA,33.85,,,,6.7300,5.4800,,
$500 NBA Daily 8/7,2020-08-07T15:49:11.826503,estk_2d63906a7d7f5770cd439276c8d11f5d,evt_2d63906a7d7f5770,Fred VanVleet,NBA,32.43,,,,6.3600,5.1300,,
$500 NBA Daily 8/7,2020-08-07T15:49:11.826506,estk_2d63906a7d7f5770f7c5bbc448149f99,evt_2d63906a7d7f5770,Gordon Hayward,NBA,31.38,,,,6.0000,4.8900,,
$500 NBA Daily 8/7,2020-08-07T15:49:11.826510,estk_2d63906a7d7f5770a9edb859d18234d0,evt_2d63906a7d7f5770,Kemba Walker,NBA,30.97,,,,5.8900,4.7900,,
$500 NBA Daily 8/7,2020-08-07T15:49:11.826513,estk_2d63906a7d7f57704b8c495d9fa8db90,evt_2d63906a7d7f5770,Jaylen Brown,NBA,30.74,,,,5.8000,4.7300,,
$500 NBA Daily 8/7,2020-08-07T15:49:11.826517,estk_2d63906a7d7f5770cc28fb3568e3a1d6,evt_2d63906a7d7f5770,Kyle Lowry,NBA,30.33,,,,5.6900,4.6600,,
$500 NBA Daily 8/7,2020-08-07T15:49:11.826520,estk_2d63906a7d7f577055ca3ac70f0e0b62,evt_2d63906a7d7f5770,Lonzo Ball,NBA,29.82,,,,5.5500,4.5600,,
$500 NBA Daily 8/7,2020-08-07T15:49:11.826524,estk_2d63906a7d7f577077c3d3d4d8ad15c5,evt_2d63906a7d7f5770,Tobias Harris,NBA,29.74,,,,5.4700,4.5100,,
$500 NBA Daily 8/7,2020-08-07T15:49:11.826527,estk_2d63906a7d7f577063a58b55849249a4,evt_2d63906a7d7f5770,Al Horford,NBA,29.03,,,,5.2500,4.3700,,
$500 NBA Daily 8/7,2020-08-07T15:49:11.826531,estk_2d63906a7d7f577013a6a7603aa51437,evt_2d63906a7d7f5770,Troy Brown,NBA,27.03,,,,4.8400,3.9900,,
$500 NBA Daily 8/7,2020-08-07T15:49:11.826534,estk_2d63906a7d7f5770b4cad04e823623ff,evt_2d63906a7d7f5770,Derrick Favors,NBA,26.54,,,,4.6300,3.8900,,
$500 NBA Daily 8/7,2020-08-07T15:49:11.826537,estk_2d63906a7d7f5770d70447b8832098dc,evt_2d63906a7d7f5770,Rui Hachimura,NBA,25.79,,,,4.4900,3.7400,,
$500 NBA Daily 8/7,2020-08-07T15:49:11.826541,estk_2d63906a7d7f5770049fe8ca7bf97ec4,evt_2d63906a7d7f5770,Marcus Smart,NBA,25.89,,,,4.4800,3.7600,,
$500 NBA Daily 8/7,2020-08-07T15:49:11.826544,estk_2d63906a7d7f5770201a5680f9441b5c,evt_2d63906a7d7f5770,Daniel Theis,NBA,24.88,,,,4.2700,3.5700,,
$500 NBA Daily 8/7,2020-08-07T15:49:11.826549,estk_2d63906a7d7f5770d846b1bc06a60007,evt_2d63906a7d7f5770,Marc Gasol,NBA,24.09,,,,4.0600,3.4400,,
$500 NBA Daily 8/7,2020-08-07T15:49:11.826553,estk_2d63906a7d7f5770b3147c681557a264,evt_2d63906a7d7f5770,Josh Richardson,NBA,23.09,,,,3.8800,3.2800,,
$500 NBA Daily 8/7,2020-08-07T15:49:11.826556,estk_2d63906a7d7f577058d79b9f2662f624,evt_2d63906a7d7f5770,Evan Fournier,NBA,22.97,,,,3.8500,3.2600,,
$500 NBA Daily 8/7,2020-08-07T15:49:11.826560,estk_2d63906a7d7f57709f8e5b254a67e7a0,evt_2d63906a7d7f5770,Shabazz Napier,NBA,22.71,,,,3.8300,3.2200,,
$500 NBA Daily 8/7,2020-08-07T15:49:11.826563,estk_2d63906a7d7f5770acf9036f85b48468,evt_2d63906a7d7f5770,Ish Smith,NBA,21.98,,,,3.6900,3.1000,,
$500 NBA Daily 8/7,2020-08-07T15:49:11.826567,estk_2d63906a7d7f5770663b3162753394ed,evt_2d63906a7d7f5770,Terrence Ross,NBA,21.69,,,,3.6500,3.0500,,
$500 NBA Daily 8/7,2020-08-07T15:49:11.826570,estk_2d63906a7d7f57705cdd05960889fa04,evt_2d63906a7d7f5770,Serge Ibaka,NBA,21.67,,,,3.5700,3.0600,,
$500 NBA Daily 8/7,2020-08-07T15:49:11.826579,estk_2d63906a7d7f5770a1e25447b314f889,evt_2d63906a7d7f5770,Shake Milton,NBA,20.67,,,,3.3900,2.8900,,
$500 NBA Daily 8/7,2020-08-07T15:49:11.826582,estk_2d63906a7d7f57703298b0c055fa35dd,evt_2d63906a7d7f5770,JJ Redick,NBA,19.98,,,,3.2900,2.8000,,
$500 NBA Daily 8/7,2020-08-07T15:49:11.826586,estk_2d63906a7d7f577082db34a5ef5dff8e,evt_2d63906a7d7f5770,OG Anunoby,NBA,20.1,,,,3.2800,2.8400,,
$500 NBA Daily 8/7,2020-08-07T15:49:11.826589,estk_2d63906a7d7f57707d8f05cf2dd6dbea,evt_2d63906a7d7f5770,D.J. Augustin,NBA,19.57,,,,3.2100,2.7400,,
$500 NBA Daily 8/7,2020-08-07T15:49:11.826593,estk_2d63906a7d7f5770920bf5c1b3a99895,evt_2d63906a7d7f5770,Jerome Robinson,NBA,19.29,,,,3.1500,2.7100,,
$500 NBA Daily 8/7,2020-08-07T15:49:11.826597,estk_2d63906a7d7f5770156a3aaad17a2e07,evt_2d63906a7d7f5770,Isaac Bonga,NBA,19.08,,,,3.1400,2.6800,,
$500 NBA Daily 8/7,2020-08-07T15:49:11.826600,estk_2d63906a7d7f57701b62dea0e6c0b803,evt_2d63906a7d7f5770,Nicolo Melli,NBA,17.8,,,,2.9200,2.5200,,
$500 NBA Daily 8/7,2020-08-07T15:49:11.826606,estk_2d63906a7d7f5770f95aa87cc77383be,evt_2d63906a7d7f5770,Markelle Fultz,NBA,17.25,,,,2.8600,2.4600,,
$500 NBA Daily 8/7,2020-08-07T15:49:11.826610,estk_2d63906a7d7f57706de03cb5c6424ccc,evt_2d63906a7d7f5770,Norman Powell,NBA,16.29,,,,2.7100,2.3400,,
$500 NBA Daily 8/7,2020-08-07T15:49:11.826613,estk_2d63906a7d7f577001e420d6a93820ae,evt_2d63906a7d7f5770,Josh Hart,NBA,16.04,,,,2.6900,2.3100,,
$500 NBA Daily 8/7,2020-08-07T15:49:11.826617,estk_2d63906a7d7f577089a4b98163393691,evt_2d63906a7d7f5770,Raul Neto,NBA,15.81,,,,2.6500,2.2900,,
$500 NBA Daily 8/7,2020-08-07T15:49:11.826620,estk_2d63906a7d7f57702d6f8355da37442f,evt_2d63906a7d7f5770,Enes Kanter,NBA,15.28,,,,2.6000,2.2300,,
$500 NBA Daily 8/7,2020-08-07T15:49:11.826623,estk_2d63906a7d7f57708b0372db86dba9af,evt_2d63906a7d7f5770,Furkan Korkmaz,NBA,14.71,,,,2.4900,2.1800,,
$500 NBA Daily 8/7,2020-08-07T15:49:11.826627,estk_2d63906a7d7f57705684a141296027b3,evt_2d63906a7d7f5770,James Ennis,NBA,14.35,,,,2.4500,2.1400,,
$500 NBA Daily 8/7,2020-08-07T15:49:11.826631,estk_2d63906a7d7f57700b618101d2ec3008,evt_2d63906a7d7f5770,Moritz Wagner,NBA,12.62,,,,2.2700,1.9800,,
$500 NBA Daily 8/7,2020-08-07T15:49:11.826635,estk_2d63906a7d7f577092bc30f31e413420,evt_2d63906a7d7f5770,Matisse Thybulle,NBA,11.92,,,,2.1900,1.9200,,
$500 NBA Daily 8/7,2020-08-07T15:49:11.826638,estk_2d63906a7d7f5770b5fd25e4dceadb5c,evt_2d63906a7d7f5770,Terence Davis,NBA,10.73,,,,2.0400,1.8300,,
$500 NBA Daily 8/7,2020-08-07T15:49:11.826641,estk_2d63906a7d7f57705a3d5db921064e90,evt_2d63906a7d7f5770,Michael Carter-Williams,NBA,0,,,,1.0000,1.0000,,
$500 NBA Daily 8/7,2020-08-07T15:49:11.826645,estk_2d63906a7d7f577055086ea38656fe99,evt_2d63906a7d7f5770,Aaron Gordon,NBA,0,,,,1.0000,2.3600,,
$500 NBA Daily 8/7,2020-08-07T21:00:38.921529,estk_2d63906a7d7f57707a763361bd2f9a08,evt_2d63906a7d7f5770,Joel Embiid,NBA,46.09,46.09,0,0,12.2700,11.2800,14.0200,
$500 NBA Daily 8/7,2020-08-07T21:00:38.921558,estk_2d63906a7d7f577010eefe2828c2cb3c,evt_2d63906a7d7f5770,Thomas Bryant,NBA,38.11,38.11,0,0,8.7900,8.1500,10.4700,
$500 NBA Daily 8/7,2020-08-07T21:00:38.921563,estk_2d63906a7d7f577092a366f55dc75d93,evt_2d63906a7d7f5770,Jrue Holiday,NBA,37.81,37.81,0,0,8.6000,8.0400,10.2700,
$500 NBA Daily 8/7,2020-08-07T21:00:38.921567,estk_2d63906a7d7f5770f6c7d554d2fa9f75,evt_2d63906a7d7f5770,Nikola Vucevic,NBA,37.67,37.67,0,0,8.6000,8.0300,10.2700,
$500 NBA Daily 8/7,2020-08-07T21:00:38.921571,estk_2d63906a7d7f577050924ad9a2f1f059,evt_2d63906a7d7f5770,Brandon Ingram,NBA,36.08,36.08,0,0,8.0000,7.5800,9.6600,
$500 NBA Daily 8/7,2020-08-07T21:00:38.921575,estk_2d63906a7d7f57707c131e7cfd4ca8ad,evt_2d63906a7d7f5770,Pascal Siakam,NBA,35.43,35.43,0,0,7.7800,7.1800,9.4400,
$500 NBA Daily 8/7,2020-08-07T21:00:38.921579,estk_2d63906a7d7f5770da4bddbbc347c31f,evt_2d63906a7d7f5770,Jayson Tatum,NBA,33.5,33.5,0,0,7.0300,6.6400,8.6700,
$500 NBA Daily 8/7,2020-08-07T21:00:38.921583,estk_2d63906a7d7f5770cd439276c8d11f5d,evt_2d63906a7d7f5770,Fred VanVleet,NBA,32.43,32.43,0,0,6.7000,6.3500,8.3300,
$500 NBA Daily 8/7,2020-08-07T21:00:38.921587,estk_2d63906a7d7f577055ca3ac70f0e0b62,evt_2d63906a7d7f5770,Lonzo Ball,NBA,31.75,31.75,0,0,6.5300,6.1700,8.1600,
$500 NBA Daily 8/7,2020-08-07T21:00:38.921591,estk_2d63906a7d7f5770f7c5bbc448149f99,evt_2d63906a7d7f5770,Gordon Hayward,NBA,31.38,31.38,0,0,6.3400,5.8900,7.9700,
$500 NBA Daily 8/7,2020-08-07T21:00:38.921595,estk_2d63906a7d7f57704b8c495d9fa8db90,evt_2d63906a7d7f5770,Jaylen Brown,NBA,30.74,30.74,0,0,6.1700,5.8500,7.7900,
$500 NBA Daily 8/7,2020-08-07T21:00:38.921599,estk_2d63906a7d7f5770cc28fb3568e3a1d6,evt_2d63906a7d7f5770,Kyle Lowry,NBA,30.33,30.33,0,0,6.0200,5.7300,7.6400,
$500 NBA Daily 8/7,2020-08-07T21:00:38.921603,estk_2d63906a7d7f5770a9edb859d18234d0,evt_2d63906a7d7f5770,Kemba Walker,NBA,29.94,29.94,0,0,5.9800,5.6300,7.6000,
$500 NBA Daily 8/7,2020-08-07T21:00:38.921606,estk_2d63906a7d7f577077c3d3d4d8ad15c5,evt_2d63906a7d7f5770,Tobias Harris,NBA,29.74,29.74,0,0,5.7100,5.5900,7.3200,
$500 NBA Daily 8/7,2020-08-07T21:00:38.921610,estk_2d63906a7d7f577063a58b55849249a4,evt_2d63906a7d7f5770,Al Horford,NBA,29.03,29.03,0,0,5.6300,5.3600,7.2400,
$500 NBA Daily 8/7,2020-08-07T21:00:38.921614,estk_2d63906a7d7f5770b4cad04e823623ff,evt_2d63906a7d7f5770,Derrick Favors,NBA,28.74,28.74,0,0,5.5100,5.2700,7.1200,
$500 NBA Daily 8/7,2020-08-07T21:00:38.921617,estk_2d63906a7d7f577013a6a7603aa51437,evt_2d63906a7d7f5770,Troy Brown,NBA,27.03,27.03,0,0,5.0700,4.8200,6.6700,
$500 NBA Daily 8/7,2020-08-07T21:00:38.921621,estk_2d63906a7d7f5770d70447b8832098dc,evt_2d63906a7d7f5770,Rui Hachimura,NBA,25.79,25.79,0,0,4.7500,4.3900,6.3500,
$500 NBA Daily 8/7,2020-08-07T21:00:38.921624,estk_2d63906a7d7f5770049fe8ca7bf97ec4,evt_2d63906a7d7f5770,Marcus Smart,NBA,25.89,25.89,0,0,4.6700,4.5600,6.2600,
$500 NBA Daily 8/7,2020-08-07T21:00:38.921628,estk_2d63906a7d7f5770201a5680f9441b5c,evt_2d63906a7d7f5770,Daniel Theis,NBA,24.88,24.88,0,0,4.4700,4.2800,6.0600,
$500 NBA Daily 8/7,2020-08-07T21:00:38.921632,estk_2d63906a7d7f5770d846b1bc06a60007,evt_2d63906a7d7f5770,Marc Gasol,NBA,24.09,24.09,0,0,4.3200,4.1400,5.9100,
$500 NBA Daily 8/7,2020-08-07T21:00:38.921635,estk_2d63906a7d7f5770b3147c681557a264,evt_2d63906a7d7f5770,Josh Richardson,NBA,23.09,23.09,0,0,4.0900,3.8500,5.6700,
$500 NBA Daily 8/7,2020-08-07T21:00:38.921639,estk_2d63906a7d7f577058d79b9f2662f624,evt_2d63906a7d7f5770,Evan Fournier,NBA,22.97,22.97,0,0,4.0200,3.8400,5.6000,
$500 NBA Daily 8/7,2020-08-07T21:00:38.921642,estk_2d63906a7d7f57709f8e5b254a67e7a0,evt_2d63906a7d7f5770,Shabazz Napier,NBA,22.71,22.71,0,0,4.0100,3.8000,5.5900,
$500 NBA Daily 8/7,2020-08-07T21:00:38.921646,estk_2d63906a7d7f57703298b0c055fa35dd,evt_2d63906a7d7f5770,JJ Redick,NBA,22.37,22.37,0,0,3.8800,3.7500,5.4600,
$500 NBA Daily 8/7,2020-08-07T21:00:38.921651,estk_2d63906a7d7f5770acf9036f85b48468,evt_2d63906a7d7f5770,Ish Smith,NBA,21.98,21.98,0,0,3.8300,3.6700,5.4100,
$500 NBA Daily 8/7,2020-08-07T21:00:38.921654,estk_2d63906a7d7f5770663b3162753394ed,evt_2d63906a7d7f5770,Terrence Ross,NBA,21.69,21.69,0,0,3.7900,3.6100,5.3700,
$500 NBA Daily 8/7,2020-08-07T21:00:38.921658,estk_2d63906a7d7f57705cdd05960889fa04,evt_2d63906a7d7f5770,Serge Ibaka,NBA,21.67,21.67,0,0,3.7200,3.6000,5.2900,
$500 NBA Daily 8/7,2020-08-07T21:00:38.921662,estk_2d63906a7d7f57701b62dea0e6c0b803,evt_2d63906a7d7f5770,Nicolo Melli,NBA,21.19,21.19,0,0,3.6700,3.5100,5.2400,
$500 NBA Daily 8/7,2020-08-07T21:00:38.921666,estk_2d63906a7d7f5770a1e25447b314f889,evt_2d63906a7d7f5770,Shake Milton,NBA,20.67,20.67,0,0,3.5700,3.4000,5.1400,
$500 NBA Daily 8/7,2020-08-07T21:00:38.921670,estk_2d63906a7d7f577082db34a5ef5dff8e,evt_2d63906a7d7f5770,OG Anunoby,NBA,20.1,20.1,0,0,3.4300,3.3100,5.0000,
$500 NBA Daily 8/7,2020-08-07T21:00:38.921674,estk_2d63906a7d7f57707d8f05cf2dd6dbea,evt_2d63906a7d7f5770,D.J. Augustin,NBA,19.57,19.57,0,0,3.3300,3.2200,4.9000,
$500 NBA Daily 8/7,2020-08-07T21:00:38.921678,estk_2d63906a7d7f5770920bf5c1b3a99895,evt_2d63906a7d7f5770,Jerome Robinson,NBA,19.29,19.29,0,0,3.2700,3.1800,4.8400,
$500 NBA Daily 8/7,2020-08-07T21:00:38.921682,estk_2d63906a7d7f5770156a3aaad17a2e07,evt_2d63906a7d7f5770,Isaac Bonga,NBA,19.08,19.08,0,0,3.2300,3.1400,4.7900,
$500 NBA Daily 8/7,2020-08-07T21:00:38.921686,estk_2d63906a7d7f577001e420d6a93820ae,evt_2d63906a7d7f5770,Josh Hart,NBA,17.43,17.43,0,0,2.9400,2.8500,4.5000,
$500 NBA Daily 8/7,2020-08-07T21:00:38.921690,estk_2d63906a7d7f5770f95aa87cc77383be,evt_2d63906a7d7f5770,Markelle Fultz,NBA,17.25,17.25,0,0,2.9300,2.8200,4.4900,
$500 NBA Daily 8/7,2020-08-07T21:00:38.921694,estk_2d63906a7d7f57706de03cb5c6424ccc,evt_2d63906a7d7f5770,Norman Powell,NBA,16.29,16.29,0,0,2.7900,2.6700,4.3500,
$500 NBA Daily 8/7,2020-08-07T21:00:38.921698,estk_2d63906a7d7f577089a4b98163393691,evt_2d63906a7d7f5770,Raul Neto,NBA,15.81,15.81,0,0,2.7000,2.6400,4.2500,
$500 NBA Daily 8/7,2020-08-07T21:00:38.921702,estk_2d63906a7d7f57702d6f8355da37442f,evt_2d63906a7d7f5770,Enes Kanter,NBA,15.28,15.28,0,0,2.6100,2.5600,4.1600,
$500 NBA Daily 8/7,2020-08-07T21:00:38.921705,estk_2d63906a7d7f57708b0372db86dba9af,evt_2d63906a7d7f5770,Furkan Korkmaz,NBA,14.71,14.71,0,0,2.5500,2.4500,4.1000,
$500 NBA Daily 8/7,2020-08-07T21:00:38.921709,estk_2d63906a7d7f57705684a141296027b3,evt_2d63906a7d7f5770,James Ennis,NBA,14.35,14.35,0,0,2.4500,2.4300,4.0000,
$500 NBA Daily 8/7,2020-08-07T21:00:38.921713,estk_2d63906a7d7f57700b618101d2ec3008,evt_2d63906a7d7f5770,Moritz Wagner,NBA,12.62,12.62,0,0,2.2700,2.2000,3.8200,
$500 NBA Daily 8/7,2020-08-07T21:00:38.921716,estk_2d63906a7d7f577092bc30f31e413420,evt_2d63906a7d7f5770,Matisse Thybulle,NBA,11.92,11.92,0,0,2.1600,2.1400,3.7000,
$500 NBA Daily 8/7,2020-08-07T21:00:38.921720,estk_2d63906a7d7f5770b5fd25e4dceadb5c,evt_2d63906a7d7f5770,Terence Davis,NBA,10.73,10.73,0,0,2.0500,2.0200,3.5900,
$500 NBA Daily 8/7,2020-08-07T21:00:38.921724,estk_2d63906a7d7f57709f778e9b41f860a6,evt_2d63906a7d7f5770,Zion Williamson,NBA,0,0,0,0,1.0000,5.9500,2.5200,
$500 NBA Daily 8/7,2020-08-07T21:00:38.921728,estk_2d63906a7d7f5770fcc6299cf30b55e3,evt_2d63906a7d7f5770,Ben Simmons,NBA,0,0,0,0,1.0000,7.2400,2.5200,
$500 NBA Daily 8/7,2020-08-07T21:00:38.921732,estk_2d63906a7d7f57705a3d5db921064e90,evt_2d63906a7d7f5770,Michael Carter-Williams,NBA,0,0,0,0,1.0000,1.0000,2.5200,
$500 NBA Daily 8/7,2020-08-07T21:00:38.921737,estk_2d63906a7d7f577055086ea38656fe99,evt_2d63906a7d7f5770,Aaron Gordon,NBA,0,0,0,0,1.0000,2.3600,2.5200,
$500 NBA Daily 8/7,2020-08-07T22:41:51.123657,estk_2d63906a7d7f57707a763361bd2f9a08,evt_2d63906a7d7f5770,Joel Embiid,NBA,46.09,45.63,0,0.01,13.1600,11.2800,15.1300,
$500 NBA Daily 8/7,2020-08-07T22:41:51.123704,estk_2d63906a7d7f5770f6c7d554d2fa9f75,evt_2d63906a7d7f5770,Nikola Vucevic,NBA,37.67,36.79,-0.5,0.01,8.8100,8.0300,10.8100,
$500 NBA Daily 8/7,2020-08-07T22:41:51.123736,estk_2d63906a7d7f577077c3d3d4d8ad15c5,evt_2d63906a7d7f5770,Tobias Harris,NBA,29.74,30.69,1.25,0.01,6.2300,5.5900,7.3200,
$500 NBA Daily 8/7,2020-08-07T22:41:51.123747,estk_2d63906a7d7f577063a58b55849249a4,evt_2d63906a7d7f5770,Al Horford,NBA,29.03,28.74,0,0.01,5.5200,5.3600,7.2400,
$500 NBA Daily 8/7,2020-08-07T22:41:51.123768,estk_2d63906a7d7f5770b3147c681557a264,evt_2d63906a7d7f5770,Josh Richardson,NBA,23.09,22.86,0,0.01,3.8600,3.8500,5.6700,
$500 NBA Daily 8/7,2020-08-07T22:41:51.123772,estk_2d63906a7d7f577058d79b9f2662f624,evt_2d63906a7d7f5770,Evan Fournier,NBA,22.97,22.74,0,0.01,3.8600,3.8400,5.6000,
$500 NBA Daily 8/7,2020-08-07T22:41:51.123795,estk_2d63906a7d7f5770663b3162753394ed,evt_2d63906a7d7f5770,Terrence Ross,NBA,21.69,21.47,0,0.01,3.4800,3.6100,5.3700,
$500 NBA Daily 8/7,2020-08-07T22:41:51.123802,estk_2d63906a7d7f5770a1e25447b314f889,evt_2d63906a7d7f5770,Shake Milton,NBA,20.67,19.96,-0.5,0.01,3.2200,3.4000,5.1400,
$500 NBA Daily 8/7,2020-08-07T22:41:51.123809,estk_2d63906a7d7f57707d8f05cf2dd6dbea,evt_2d63906a7d7f5770,D.J. Augustin,NBA,19.57,19.37,0,0.01,3.1000,3.2200,4.9000,
$500 NBA Daily 8/7,2020-08-07T22:41:51.123821,estk_2d63906a7d7f5770f95aa87cc77383be,evt_2d63906a7d7f5770,Markelle Fultz,NBA,17.25,17.08,0,0.01,2.6700,2.8200,4.4900,
$500 NBA Daily 8/7,2020-08-07T22:41:51.123828,estk_2d63906a7d7f577089a4b98163393691,evt_2d63906a7d7f5770,Raul Neto,NBA,15.81,15.65,0,0.01,2.4200,2.6400,4.2500,
$500 NBA Daily 8/7,2020-08-07T22:41:51.123835,estk_2d63906a7d7f57708b0372db86dba9af,evt_2d63906a7d7f5770,Furkan Korkmaz,NBA,14.71,14.56,0,0.01,2.2800,2.4500,4.1000,
$500 NBA Daily 8/7,2020-08-07T22:41:51.123839,estk_2d63906a7d7f57705684a141296027b3,evt_2d63906a7d7f5770,James Ennis,NBA,14.35,14.21,0,0.01,2.2600,2.4300,4.0000,
$500 NBA Daily 8/7,2020-08-07T22:41:51.123847,estk_2d63906a7d7f577092bc30f31e413420,evt_2d63906a7d7f5770,Matisse Thybulle,NBA,11.92,11.8,0,0.01,1.9500,2.1400,3.7000,
$500 NBA Daily 8/7,2020-08-07T22:41:51.123858,estk_2d63906a7d7f5770fcc6299cf30b55e3,evt_2d63906a7d7f5770,Ben Simmons,NBA,0,0,0,0.01,1.0000,7.2400,2.5200,
$500 NBA Daily 8/7,2020-08-07T22:41:51.123861,estk_2d63906a7d7f57705a3d5db921064e90,evt_2d63906a7d7f5770,Michael Carter-Williams,NBA,0,0,0,0.01,1.0000,1.0000,2.5200,
$500 NBA Daily 8/7,2020-08-07T22:41:51.123865,estk_2d63906a7d7f577055086ea38656fe99,evt_2d63906a7d7f5770,Aaron Gordon,NBA,0,0,0,0.01,1.0000,2.3600,2.5200,
$500 NBA Daily 8/7,2020-08-07T22:42:52.023106,estk_2d63906a7d7f57707a763361bd2f9a08,evt_2d63906a7d7f5770,Joel Embiid,NBA,46.09,44.67,-0.5,0.02,12.6300,11.2800,15.1300,
$500 NBA Daily 8/7,2020-08-07T22:42:52.023145,estk_2d63906a7d7f5770f6c7d554d2fa9f75,evt_2d63906a7d7f5770,Nikola Vucevic,NBA,37.67,36.42,-0.5,0.02,8.5900,8.0300,10.8100,
$500 NBA Daily 8/7,2020-08-07T22:42:52.023181,estk_2d63906a7d7f577077c3d3d4d8ad15c5,evt_2d63906a7d7f5770,Tobias Harris,NBA,29.74,29.9,0.75,0.02,5.9400,5.5900,7.3200,
$500 NBA Daily 8/7,2020-08-07T22:42:52.023188,estk_2d63906a7d7f577063a58b55849249a4,evt_2d63906a7d7f5770,Al Horford,NBA,29.03,27.95,-0.5,0.02,5.4400,5.3600,7.2400,6.9200
$500 NBA Daily 8/7,2020-08-07T22:42:52.023213,estk_2d63906a7d7f577058d79b9f2662f624,evt_2d63906a7d7f5770,Evan Fournier,NBA,22.97,22.51,0,0.02,3.8300,3.8400,5.6000,2.2500
$500 NBA Daily 8/7,2020-08-07T22:42:52.023217,estk_2d63906a7d7f5770b3147c681557a264,evt_2d63906a7d7f5770,Josh Richardson,NBA,23.09,22.63,0,0.02,3.8100,3.8500,5.6700,5.2600
$500 NBA Daily 8/7,2020-08-07T22:42:52.023236,estk_2d63906a7d7f5770663b3162753394ed,evt_2d63906a7d7f5770,Terrence Ross,NBA,21.69,21.26,0,0.02,3.4600,3.6100,5.3700,1.8900
$500 NBA Daily 8/7,2020-08-07T22:42:52.023240,estk_2d63906a7d7f5770a1e25447b314f889,evt_2d63906a7d7f5770,Shake Milton,NBA,20.67,21.01,0.75,0.02,3.4400,3.4000,5.1400,
$500 NBA Daily 8/7,2020-08-07T22:42:52.023243,estk_2d63906a7d7f57707d8f05cf2dd6dbea,evt_2d63906a7d7f5770,D.J. Augustin,NBA,19.57,20.43,1.25,0.02,3.3200,3.2200,4.9000,
$500 NBA Daily 8/7,2020-08-07T22:42:52.023262,estk_2d63906a7d7f5770f95aa87cc77383be,evt_2d63906a7d7f5770,Markelle Fultz,NBA,17.25,16.91,0,0.02,2.6600,4.4900,4.4900,
$500 NBA Daily 8/7,2020-08-07T22:42:52.023269,estk_2d63906a7d7f577089a4b98163393691,evt_2d63906a7d7f5770,Raul Neto,NBA,15.81,15.49,0,0.02,2.4100,2.6400,4.2500,
$500 NBA Daily 8/7,2020-08-07T22:42:52.023276,estk_2d63906a7d7f57708b0372db86dba9af,evt_2d63906a7d7f5770,Furkan Korkmaz,NBA,14.71,14.42,0,0.02,2.2700,2.4500,4.1000,1.7200
$500 NBA Daily 8/7,2020-08-07T22:42:52.023280,estk_2d63906a7d7f57705684a141296027b3,evt_2d63906a7d7f5770,James Ennis,NBA,14.35,14.06,0,0.02,2.2100,2.4300,4.0000,
$500 NBA Daily 8/7,2020-08-07T22:42:52.023287,estk_2d63906a7d7f577092bc30f31e413420,evt_2d63906a7d7f5770,Matisse Thybulle,NBA,11.92,11.68,0,0.02,1.9400,2.1400,3.7000,
$500 NBA Daily 8/7,2020-08-07T22:42:52.023295,estk_2d63906a7d7f5770fcc6299cf30b55e3,evt_2d63906a7d7f5770,Ben Simmons,NBA,0,0,0,0.02,1.0000,7.2400,2.5200,
$500 NBA Daily 8/7,2020-08-07T22:42:52.023302,estk_2d63906a7d7f57705a3d5db921064e90,evt_2d63906a7d7f5770,Michael Carter-Williams,NBA,0,0,0,0.02,1.0000,1.0000,2.5200,2.1200
$500 NBA Daily 8/7,2020-08-07T22:42:52.023306,estk_2d63906a7d7f577055086ea38656fe99,evt_2d63906a7d7f5770,Aaron Gordon,NBA,0,0,0,0.02,1.0000,2.3600,2.5200,
$500 NBA Daily 8/7,2020-08-07T22:43:52.735420,estk_2d63906a7d7f57707a763361bd2f9a08,evt_2d63906a7d7f5770,Joel Embiid,NBA,46.09,44.21,-0.5,0.03,13.7200,11.2800,15.1300,11.9500
$500 NBA Daily 8/7,2020-08-07T22:43:52.735457,estk_2d63906a7d7f5770f6c7d554d2fa9f75,evt_2d63906a7d7f5770,Nikola Vucevic,NBA,37.67,37.29,0.75,0.03,9.1500,8.0300,10.8100,7.4700
$500 NBA Daily 8/7,2020-08-07T22:43:52.735492,estk_2d63906a7d7f577077c3d3d4d8ad15c5,evt_2d63906a7d7f5770,Tobias Harris,NBA,29.74,30.35,1.5,0.03,6.0900,5.5900,7.3200,5.0800
$500 NBA Daily 8/7,2020-08-07T22:43:52.735499,estk_2d63906a7d7f577063a58b55849249a4,evt_2d63906a7d7f5770,Al Horford,NBA,29.03,28.41,0.25,0.03,5.2800,5.3600,7.2400,5.2500
$500 NBA Daily 8/7,2020-08-07T22:43:52.735524,estk_2d63906a7d7f5770b3147c681557a264,evt_2d63906a7d7f5770,Josh Richardson,NBA,23.09,22.4,0,0.03,3.7200,3.8500,5.6700,5.2500
$500 NBA Daily 8/7,2020-08-07T22:43:52.735528,estk_2d63906a7d7f577058d79b9f2662f624,evt_2d63906a7d7f5770,Evan Fournier,NBA,22.97,22.28,0,0.03,3.6200,5.6000,5.6000,2.2500
$500 NBA Daily 8/7,2020-08-07T22:43:52.735546,estk_2d63906a7d7f5770663b3162753394ed,evt_2d63906a7d7f5770,Terrence Ross,NBA,21.69,21.04,0,0.03,3.3200,5.3700,5.3700,2.7800
$500 NBA Daily 8/7,2020-08-07T22:43:52.735550,estk_2d63906a7d7f5770a1e25447b314f889,evt_2d63906a7d7f5770,Shake Milton,NBA,20.67,20.8,0.75,0.03,3.2800,5.1400,5.1400,2.7800
$500 NBA Daily 8/7,2020-08-07T22:43:52.735553,estk_2d63906a7d7f57707d8f05cf2dd6dbea,evt_2d63906a7d7f5770,D.J. Augustin,NBA,19.57,20.23,1.25,0.03,3.1400,4.9000,4.9000,1.7500
$500 NBA Daily 8/7,2020-08-07T22:43:52.735572,estk_2d63906a7d7f5770f95aa87cc77383be,evt_2d63906a7d7f5770,Markelle Fultz,NBA,17.25,16.73,0,0.03,2.4100,4.4900,3.9600,1.1100
$500 NBA Daily 8/7,2020-08-07T22:43:52.735579,estk_2d63906a7d7f577089a4b98163393691,evt_2d63906a7d7f5770,Raul Neto,NBA,15.81,15.34,0,0.03,2.2000,4.2500,4.2500,1.9300
$500 NBA Daily 8/7,2020-08-07T22:43:52.735587,estk_2d63906a7d7f57708b0372db86dba9af,evt_2d63906a7d7f5770,Furkan Korkmaz,NBA,14.71,14.27,0,0.03,2.0700,4.1000,4.1000,
$500 NBA Daily 8/7,2020-08-07T22:43:52.735590,estk_2d63906a7d7f57705684a141296027b3,evt_2d63906a7d7f5770,James Ennis,NBA,14.35,14.17,0.25,0.03,2.0000,2.4300,4.0000,1.9300
$500 NBA Daily 8/7,2020-08-07T22:43:52.735597,estk_2d63906a7d7f577092bc30f31e413420,evt_2d63906a7d7f5770,Matisse Thybulle,NBA,11.92,11.56,0,0.03,1.7600,3.7000,3.7000,2.7800
$500 NBA Daily 8/7,2020-08-07T22:43:52.735604,estk_2d63906a7d7f5770fcc6299cf30b55e3,evt_2d63906a7d7f5770,Ben Simmons,NBA,0,0,0,0.03,1.0000,2.5200,2.5200,
$500 NBA Daily 8/7,2020-08-07T22:43:52.735611,estk_2d63906a7d7f57705a3d5db921064e90,evt_2d63906a7d7f5770,Michael Carter-Williams,NBA,0,0,0,0.03,1.0000,2.5200,2.5200,1.9300
$500 NBA Daily 8/7,2020-08-07T22:43:52.735615,estk_2d63906a7d7f577055086ea38656fe99,evt_2d63906a7d7f5770,Aaron Gordon,NBA,0,0,0,0.03,1.0000,2.5200,2.5200,
$500 NBA Daily 8/7,2020-08-07T22:44:53.738514,estk_2d63906a7d7f57707a763361bd2f9a08,evt_2d63906a7d7f5770,Joel Embiid,NBA,46.09,43.57,0.25,0.06,13.4800,11.2800,15.1300,11.9500
$500 NBA Daily 8/7,2020-08-07T22:44:53.738553,estk_2d63906a7d7f5770f6c7d554d2fa9f75,evt_2d63906a7d7f5770,Nikola Vucevic,NBA,37.67,38.16,2.75,0.06,9.5900,8.0300,10.8100,7.9000
$500 NBA Daily 8/7,2020-08-07T22:44:53.738586,estk_2d63906a7d7f577077c3d3d4d8ad15c5,evt_2d63906a7d7f5770,Tobias Harris,NBA,29.74,29.46,1.5,0.06,6.3000,5.5900,7.3200,5.0800
$500 NBA Daily 8/7,2020-08-07T22:44:53.738597,estk_2d63906a7d7f577063a58b55849249a4,evt_2d63906a7d7f5770,Al Horford,NBA,29.03,27.54,0.25,0.06,5.5000,5.3600,7.2400,3.8300
$500 NBA Daily 8/7,2020-08-07T22:44:53.738622,estk_2d63906a7d7f577058d79b9f2662f624,evt_2d63906a7d7f5770,Evan Fournier,NBA,22.97,24.59,3,0.06,3.5700,5.6000,5.1900,2.2500
$500 NBA Daily 8/7,2020-08-07T22:44:53.738629,estk_2d63906a7d7f5770b3147c681557a264,evt_2d63906a7d7f5770,Josh Richardson,NBA,23.09,25.2,3.5,0.06,3.5500,3.8500,5.6700,5.2500
$500 NBA Daily 8/7,2020-08-07T22:44:53.738644,estk_2d63906a7d7f5770a1e25447b314f889,evt_2d63906a7d7f5770,Shake Milton,NBA,20.67,21.68,2.25,0.06,3.2300,5.1400,4.7900,1.7100
$500 NBA Daily 8/7,2020-08-07T22:44:53.738648,estk_2d63906a7d7f5770663b3162753394ed,evt_2d63906a7d7f5770,Terrence Ross,NBA,21.69,20.39,0,0.06,3.2200,5.3700,4.8900,1.8900
$500 NBA Daily 8/7,2020-08-07T22:44:53.738655,estk_2d63906a7d7f57707d8f05cf2dd6dbea,evt_2d63906a7d7f5770,D.J. Augustin,NBA,19.57,19.65,1.25,0.06,3.0700,4.9000,4.9000,1.7500
$500 NBA Daily 8/7,2020-08-07T22:44:53.738670,estk_2d63906a7d7f5770f95aa87cc77383be,evt_2d63906a7d7f5770,Markelle Fultz,NBA,17.25,16.21,0,0.06,2.3900,4.4900,3.9400,1.1100
$500 NBA Daily 8/7,2020-08-07T22:44:53.738681,estk_2d63906a7d7f577089a4b98163393691,evt_2d63906a7d7f5770,Raul Neto,NBA,15.81,14.86,0,0.06,2.1600,4.2500,3.7000,
$500 NBA Daily 8/7,2020-08-07T22:44:53.738684,estk_2d63906a7d7f57708b0372db86dba9af,evt_2d63906a7d7f5770,Furkan Korkmaz,NBA,14.71,13.83,0,0.06,2.0200,4.1000,3.5600,
$500 NBA Daily 8/7,2020-08-07T22:44:53.738688,estk_2d63906a7d7f57705684a141296027b3,evt_2d63906a7d7f5770,James Ennis,NBA,14.35,13.74,0.25,0.06,1.9700,2.4300,4.0000,
$500 NBA Daily 8/7,2020-08-07T22:44:53.738695,estk_2d63906a7d7f577092bc30f31e413420,evt_2d63906a7d7f5770,Matisse Thybulle,NBA,11.92,11.2,0,0.06,1.7300,3.7000,3.3000,2.7800
$500 NBA Daily 8/7,2020-08-07T22:44:53.738702,estk_2d63906a7d7f5770fcc6299cf30b55e3,evt_2d63906a7d7f5770,Ben Simmons,NBA,0,0,0,0.06,1.0000,2.5200,2.5200,
$500 NBA Daily 8/7,2020-08-07T22:44:53.738710,estk_2d63906a7d7f57705a3d5db921064e90,evt_2d63906a7d7f5770,Michael Carter-Williams,NBA,0,0,0,0.06,1.0000,2.5200,2.5200,
$500 NBA Daily 8/7,2020-08-07T22:44:53.738713,estk_2d63906a7d7f577055086ea38656fe99,evt_2d63906a7d7f5770,Aaron Gordon,NBA,0,0,0,0.06,1.0000,2.5200,2.5200,
$500 NBA Daily 8/7,2020-08-07T22:46:55.273715,estk_2d63906a7d7f57707a763361bd2f9a08,evt_2d63906a7d7f5770,Joel Embiid,NBA,46.09,45.11,2.25,0.07,13.4800,11.2800,15.1300,11.9500
$500 NBA Daily 8/7,2020-08-07T22:46:55.273753,estk_2d63906a7d7f5770f6c7d554d2fa9f75,evt_2d63906a7d7f5770,Nikola Vucevic,NBA,37.67,37.78,2.75,0.07,9.5900,8.0300,10.8100,7.9000
$500 NBA Daily 8/7,2020-08-07T22:46:55.273785,estk_2d63906a7d7f577077c3d3d4d8ad15c5,evt_2d63906a7d7f5770,Tobias Harris,NBA,29.74,32.41,4.75,0.07,6.3000,5.5900,7.5600,5.0800
$500 NBA Daily 8/7,2020-08-07T22:46:55.273796,estk_2d63906a7d7f577063a58b55849249a4,evt_2d63906a7d7f5770,Al Horford,NBA,29.03,27.25,0.25,0.07,5.5000,5.3600,7.2400,3.8900
$500 NBA Daily 8/7,2020-08-07T22:46:55.273821,estk_2d63906a7d7f577058d79b9f2662f624,evt_2d63906a7d7f5770,Evan Fournier,NBA,22.97,25.36,4,0.07,3.5700,5.6000,5.1900,2.2500
$500 NBA Daily 8/7,2020-08-07T22:46:55.273828,estk_2d63906a7d7f5770b3147c681557a264,evt_2d63906a7d7f5770,Josh Richardson,NBA,23.09,24.97,3.5,0.07,3.5500,3.8500,5.1200,2.2300
$500 NBA Daily 8/7,2020-08-07T22:46:55.273843,estk_2d63906a7d7f5770a1e25447b314f889,evt_2d63906a7d7f5770,Shake Milton,NBA,20.67,22.47,3.25,0.07,3.2300,5.1400,4.7900,1.7100
$500 NBA Daily 8/7,2020-08-07T22:46:55.273847,estk_2d63906a7d7f5770663b3162753394ed,evt_2d63906a7d7f5770,Terrence Ross,NBA,21.69,20.17,0,0.07,3.2200,5.3700,4.7800,1.8900
$500 NBA Daily 8/7,2020-08-07T22:46:55.273854,estk_2d63906a7d7f57707d8f05cf2dd6dbea,evt_2d63906a7d7f5770,D.J. Augustin,NBA,19.57,19.45,1.25,0.07,3.0700,4.9000,4.6300,1.7500
$500 NBA Daily 8/7,2020-08-07T22:46:55.273869,estk_2d63906a7d7f5770f95aa87cc77383be,evt_2d63906a7d7f5770,Markelle Fultz,NBA,17.25,16.04,0,0.07,2.3900,4.4900,3.9400,1.1100
$500 NBA Daily 8/7,2020-08-07T22:46:55.273879,estk_2d63906a7d7f577089a4b98163393691,evt_2d63906a7d7f5770,Raul Neto,NBA,15.81,14.7,0,0.07,2.1600,4.2500,3.7000,
$500 NBA Daily 8/7,2020-08-07T22:46:55.273883,estk_2d63906a7d7f57708b0372db86dba9af,evt_2d63906a7d7f5770,Furkan Korkmaz,NBA,14.71,13.68,0,0.07,2.0200,4.1000,3.5600,
$500 NBA Daily 8/7,2020-08-07T22:46:55.273887,estk_2d63906a7d7f57705684a141296027b3,evt_2d63906a7d7f5770,James Ennis,NBA,14.35,13.6,0.25,0.07,1.9700,2.4300,4.0000,
$500 NBA Daily 8/7,2020-08-07T22:46:55.273894,estk_2d63906a7d7f577092bc30f31e413420,evt_2d63906a7d7f5770,Matisse Thybulle,NBA,11.92,11.09,0,0.07,1.7300,3.7000,3.3000,
$500 NBA Daily 8/7,2020-08-07T22:46:55.273901,estk_2d63906a7d7f5770fcc6299cf30b55e3,evt_2d63906a7d7f5770,Ben Simmons,NBA,0,0,0,0.07,1.0000,2.5200,2.5200,
$500 NBA Daily 8/7,2020-08-07T22:46:55.273909,estk_2d63906a7d7f57705a3d5db921064e90,evt_2d63906a7d7f5770,Michael Carter-Williams,NBA,0,0,0,0.07,1.0000,2.5200,2.5200,
$500 NBA Daily 8/7,2020-08-07T22:46:55.273913,estk_2d63906a7d7f577055086ea38656fe99,evt_2d63906a7d7f5770,Aaron Gordon,NBA,0,0,0,0.07,1.0000,2.5200,2.5200,
$500 NBA Daily 8/7,2020-08-07T22:48:57.682312,estk_2d63906a7d7f57707a763361bd2f9a08,evt_2d63906a7d7f5770,Joel Embiid,NBA,46.09,44.98,3.5,0.1,13.8900,11.2800,15.4900,12.2300
$500 NBA Daily 8/7,2020-08-07T22:48:57.682348,estk_2d63906a7d7f5770f6c7d554d2fa9f75,evt_2d63906a7d7f5770,Nikola Vucevic,NBA,37.67,39.9,6,0.1,9.6500,8.0300,11.3400,8.0200
$500 NBA Daily 8/7,2020-08-07T22:48:57.682366,estk_2d63906a7d7f577077c3d3d4d8ad15c5,evt_2d63906a7d7f5770,Tobias Harris,NBA,29.74,32.27,5.5,0.1,6.9800,5.5900,8.6200,5.4300
$500 NBA Daily 8/7,2020-08-07T22:48:57.682394,estk_2d63906a7d7f577063a58b55849249a4,evt_2d63906a7d7f5770,Al Horford,NBA,29.03,31.63,5.5,0.1,4.9500,5.3600,6.5500,3.8900
$500 NBA Daily 8/7,2020-08-07T22:48:57.682408,estk_2d63906a7d7f577058d79b9f2662f624,evt_2d63906a7d7f5770,Evan Fournier,NBA,22.97,26.17,5.5,0.1,4.2800,5.6000,5.6000,2.7500
$500 NBA Daily 8/7,2020-08-07T22:48:57.682412,estk_2d63906a7d7f5770b3147c681557a264,evt_2d63906a7d7f5770,Josh Richardson,NBA,23.09,23.78,3,0.1,4.1900,3.8500,5.7700,2.6300
$500 NBA Daily 8/7,2020-08-07T22:48:57.682427,estk_2d63906a7d7f5770a1e25447b314f889,evt_2d63906a7d7f5770,Shake Milton,NBA,20.67,23.35,4.75,0.1,3.5100,5.1400,4.7900,1.9400
$500 NBA Daily 8/7,2020-08-07T22:48:57.682445,estk_2d63906a7d7f5770663b3162753394ed,evt_2d63906a7d7f5770,Terrence Ross,NBA,21.69,19.52,0,0.1,2.9000,5.3700,4.7800,1.8900
$500 NBA Daily 8/7,2020-08-07T22:48:57.682456,estk_2d63906a7d7f57707d8f05cf2dd6dbea,evt_2d63906a7d7f5770,D.J. Augustin,NBA,19.57,19.86,2.25,0.1,2.8000,4.9000,4.3600,1.7500
$500 NBA Daily 8/7,2020-08-07T22:48:57.682467,estk_2d63906a7d7f5770f95aa87cc77383be,evt_2d63906a7d7f5770,Markelle Fultz,NBA,17.25,15.53,0,0.1,2.1900,4.4900,3.9400,1.1100
$500 NBA Daily 8/7,2020-08-07T22:48:57.682474,estk_2d63906a7d7f577089a4b98163393691,evt_2d63906a7d7f5770,Raul Neto,NBA,15.81,14.23,0,0.1,2.0000,4.2500,3.7000,
$500 NBA Daily 8/7,2020-08-07T22:48:57.682478,estk_2d63906a7d7f57705684a141296027b3,evt_2d63906a7d7f5770,James Ennis,NBA,14.35,13.16,0.25,0.1,1.8700,2.4300,3.3900,
$500 NBA Daily 8/7,2020-08-07T22:48:57.682482,estk_2d63906a7d7f57708b0372db86dba9af,evt_2d63906a7d7f5770,Furkan Korkmaz,NBA,14.71,13.24,0,0.1,1.8500,4.1000,3.5600,
$500 NBA Daily 8/7,2020-08-07T22:48:57.682492,estk_2d63906a7d7f577092bc30f31e413420,evt_2d63906a7d7f5770,Matisse Thybulle,NBA,11.92,10.73,0,0.1,1.6100,3.7000,3.1400,
$500 NBA Daily 8/7,2020-08-07T22:48:57.682496,estk_2d63906a7d7f5770fcc6299cf30b55e3,evt_2d63906a7d7f5770,Ben Simmons,NBA,0,0,0,0.1,1.0000,2.5200,2.5200,
$500 NBA Daily 8/7,2020-08-07T22:48:57.682503,estk_2d63906a7d7f57705a3d5db921064e90,evt_2d63906a7d7f5770,Michael Carter-Williams,NBA,0,0,0,0.1,1.0000,2.5200,2.5200,
$500 NBA Daily 8/7,2020-08-07T22:48:57.682507,estk_2d63906a7d7f577055086ea38656fe99,evt_2d63906a7d7f5770,Aaron Gordon,NBA,0,0,0,0.1,1.0000,2.5200,2.5200,
$500 NBA Daily 8/7,2020-08-07T22:50:59.620736,estk_2d63906a7d7f57707a763361bd2f9a08,evt_2d63906a7d7f5770,Joel Embiid,NBA,46.09,44.52,3.5,0.11,13.7800,11.2800,15.4900,12.2300
$500 NBA Daily 8/7,2020-08-07T22:50:59.620765,estk_2d63906a7d7f5770f6c7d554d2fa9f75,evt_2d63906a7d7f5770,Nikola Vucevic,NBA,37.67,39.53,6,0.11,10.7400,8.0300,12.4500,9.0300
$500 NBA Daily 8/7,2020-08-07T22:50:59.620793,estk_2d63906a7d7f577077c3d3d4d8ad15c5,evt_2d63906a7d7f5770,Tobias Harris,NBA,29.74,31.97,5.5,0.11,6.8200,5.5900,8.4600,5.4300
$500 NBA Daily 8/7,2020-08-07T22:50:59.620804,estk_2d63906a7d7f577063a58b55849249a4,evt_2d63906a7d7f5770,Al Horford,NBA,29.03,33.34,7.5,0.11,6.4900,5.3600,8.1200,4.8600
$500 NBA Daily 8/7,2020-08-07T22:50:59.620833,estk_2d63906a7d7f577058d79b9f2662f624,evt_2d63906a7d7f5770,Evan Fournier,NBA,22.97,25.94,5.5,0.11,4.4700,5.6000,5.6000,2.8800
$500 NBA Daily 8/7,2020-08-07T22:50:59.620844,estk_2d63906a7d7f5770b3147c681557a264,evt_2d63906a7d7f5770,Josh Richardson,NBA,23.09,25.05,4.5,0.11,3.7400,3.8500,5.3100,2.6300
$500 NBA Daily 8/7,2020-08-07T22:50:59.620850,estk_2d63906a7d7f5770a1e25447b314f889,evt_2d63906a7d7f5770,Shake Milton,NBA,20.67,23.15,4.75,0.11,3.6400,5.1400,4.7900,2.0700
$500 NBA Daily 8/7,2020-08-07T22:50:59.620876,estk_2d63906a7d7f57707d8f05cf2dd6dbea,evt_2d63906a7d7f5770,D.J. Augustin,NBA,19.57,19.67,2.25,0.11,2.8400,4.9000,4.3600,1.7500
$500 NBA Daily 8/7,2020-08-07T22:50:59.620883,estk_2d63906a7d7f5770663b3162753394ed,evt_2d63906a7d7f5770,Terrence Ross,NBA,21.69,19.3,0,0.11,2.7400,5.3700,4.7800,1.8900
$500 NBA Daily 8/7,2020-08-07T22:50:59.620897,estk_2d63906a7d7f5770f95aa87cc77383be,evt_2d63906a7d7f5770,Markelle Fultz,NBA,17.25,15.35,0,0.11,2.0500,4.4900,3.9400,1.1100
$500 NBA Daily 8/7,2020-08-07T22:50:59.620901,estk_2d63906a7d7f577089a4b98163393691,evt_2d63906a7d7f5770,Raul Neto,NBA,15.81,14.07,0,0.11,1.8600,4.2500,3.7000,
$500 NBA Daily 8/7,2020-08-07T22:50:59.620908,estk_2d63906a7d7f57708b0372db86dba9af,evt_2d63906a7d7f5770,Furkan Korkmaz,NBA,14.71,13.09,0,0.11,1.7800,4.1000,3.5600,
$500 NBA Daily 8/7,2020-08-07T22:50:59.620912,estk_2d63906a7d7f57705684a141296027b3,evt_2d63906a7d7f5770,James Ennis,NBA,14.35,13.02,0.25,0.11,1.7600,2.4300,3.3000,
$500 NBA Daily 8/7,2020-08-07T22:50:59.620919,estk_2d63906a7d7f577092bc30f31e413420,evt_2d63906a7d7f5770,Matisse Thybulle,NBA,11.92,10.61,0,0.11,1.5300,3.7000,3.0600,
$500 NBA Daily 8/7,2020-08-07T22:50:59.620923,estk_2d63906a7d7f5770fcc6299cf30b55e3,evt_2d63906a7d7f5770,Ben Simmons,NBA,0,0,0,0.11,1.0000,2.5200,2.5200,
$500 NBA Daily 8/7,2020-08-07T22:50:59.620931,estk_2d63906a7d7f57705a3d5db921064e90,evt_2d63906a7d7f5770,Michael Carter-Williams,NBA,0,0,0,0.11,1.0000,2.5200,2.5200,
$500 NBA Daily 8/7,2020-08-07T22:50:59.620935,estk_2d63906a7d7f577055086ea38656fe99,evt_2d63906a7d7f5770,Aaron Gordon,NBA,0,0,0,0.11,1.0000,2.5200,2.5200,
$500 NBA Daily 8/7,2020-08-07T22:56:33.428707,estk_2d63906a7d7f57707a763361bd2f9a08,evt_2d63906a7d7f5770,Joel Embiid,NBA,46.09,43.14,3.5,0.14,13.5200,11.2800,15.4900,12.2300
$500 NBA Daily 8/7,2020-08-07T22:56:33.428737,estk_2d63906a7d7f5770f6c7d554d2fa9f75,evt_2d63906a7d7f5770,Nikola Vucevic,NBA,37.67,39.9,7.5,0.14,10.5000,8.0300,12.1900,9.0300
$500 NBA Daily 8/7,2020-08-07T22:56:33.428761,estk_2d63906a7d7f577063a58b55849249a4,evt_2d63906a7d7f5770,Al Horford,NBA,29.03,33.72,8.75,0.14,7.3100,5.3600,8.9300,5.6300
$500 NBA Daily 8/7,2020-08-07T22:56:33.428772,estk_2d63906a7d7f577077c3d3d4d8ad15c5,evt_2d63906a7d7f5770,Tobias Harris,NBA,29.74,32.33,6.75,0.14,6.6900,5.5900,8.4600,5.6300
$500 NBA Daily 8/7,2020-08-07T22:56:33.428807,estk_2d63906a7d7f577058d79b9f2662f624,evt_2d63906a7d7f5770,Evan Fournier,NBA,22.97,24.75,5,0.14,4.2200,5.6000,5.6000,2.8800
$500 NBA Daily 8/7,2020-08-07T22:56:33.428811,estk_2d63906a7d7f5770b3147c681557a264,evt_2d63906a7d7f5770,Josh Richardson,NBA,23.09,24.36,4.5,0.14,4.0800,3.8500,5.3100,2.6300
$500 NBA Daily 8/7,2020-08-07T22:56:33.428823,estk_2d63906a7d7f5770a1e25447b314f889,evt_2d63906a7d7f5770,Shake Milton,NBA,20.67,22.53,4.75,0.14,3.5600,5.1400,4.7900,2.0700
$500 NBA Daily 8/7,2020-08-07T22:56:33.428851,estk_2d63906a7d7f57707d8f05cf2dd6dbea,evt_2d63906a7d7f5770,D.J. Augustin,NBA,19.57,19.08,2.25,0.14,2.7600,4.9000,4.3600,1.7500
$500 NBA Daily 8/7,2020-08-07T22:56:33.428855,estk_2d63906a7d7f5770663b3162753394ed,evt_2d63906a7d7f5770,Terrence Ross,NBA,21.69,18.65,0,0.14,2.6600,5.3700,4.2100,1.7500
$500 NBA Daily 8/7,2020-08-07T22:56:33.428869,estk_2d63906a7d7f5770f95aa87cc77383be,evt_2d63906a7d7f5770,Markelle Fultz,NBA,17.25,14.83,0,0.14,2.0200,4.4900,3.9400,1.1100
$500 NBA Daily 8/7,2020-08-07T22:56:33.428873,estk_2d63906a7d7f577089a4b98163393691,evt_2d63906a7d7f5770,Raul Neto,NBA,15.81,13.6,0,0.14,1.8500,3.7000,3.3700,
$500 NBA Daily 8/7,2020-08-07T22:56:33.428880,estk_2d63906a7d7f57705684a141296027b3,evt_2d63906a7d7f5770,James Ennis,NBA,14.35,12.59,0.25,0.14,1.7400,3.3000,3.2900,
$500 NBA Daily 8/7,2020-08-07T22:56:33.428884,estk_2d63906a7d7f57708b0372db86dba9af,evt_2d63906a7d7f5770,Furkan Korkmaz,NBA,14.71,12.65,0,0.14,1.7300,3.5600,3.2700,
$500 NBA Daily 8/7,2020-08-07T22:56:33.428891,estk_2d63906a7d7f577092bc30f31e413420,evt_2d63906a7d7f5770,Matisse Thybulle,NBA,11.92,10.25,0,0.14,1.5100,3.7000,3.0600,
$500 NBA Daily 8/7,2020-08-07T22:56:33.428896,estk_2d63906a7d7f5770fcc6299cf30b55e3,evt_2d63906a7d7f5770,Ben Simmons,NBA,0,0,0,0.14,1.0000,2.5200,2.5200,
$500 NBA Daily 8/7,2020-08-07T22:56:33.428903,estk_2d63906a7d7f57705a3d5db921064e90,evt_2d63906a7d7f5770,Michael Carter-Williams,NBA,0,0,0,0.14,1.0000,2.5200,2.5200,
$500 NBA Daily 8/7,2020-08-07T22:56:33.428907,estk_2d63906a7d7f577055086ea38656fe99,evt_2d63906a7d7f5770,Aaron Gordon,NBA,0,0,0,0.14,1.0000,2.5200,2.5200,
$500 NBA Daily 8/7,2020-08-07T23:00:36.320067,estk_2d63906a7d7f57707a763361bd2f9a08,evt_2d63906a7d7f5770,Joel Embiid,NBA,46.09,41.29,3.5,0.18,12.7800,11.2800,14.4700,11.7100
$500 NBA Daily 8/7,2020-08-07T23:00:36.320096,estk_2d63906a7d7f5770f6c7d554d2fa9f75,evt_2d63906a7d7f5770,Nikola Vucevic,NBA,37.67,43.14,12.25,0.18,10.8200,8.0300,12.1900,9.0400
$500 NBA Daily 8/7,2020-08-07T23:00:36.320120,estk_2d63906a7d7f577063a58b55849249a4,evt_2d63906a7d7f5770,Al Horford,NBA,29.03,35.8,12,0.18,7.5300,5.3600,8.9300,5.6300
$500 NBA Daily 8/7,2020-08-07T23:00:36.320131,estk_2d63906a7d7f577077c3d3d4d8ad15c5,evt_2d63906a7d7f5770,Tobias Harris,NBA,29.74,35.14,10.75,0.18,6.8000,5.5900,8.4600,5.6300
$500 NBA Daily 8/7,2020-08-07T23:00:36.320170,estk_2d63906a7d7f577058d79b9f2662f624,evt_2d63906a7d7f5770,Evan Fournier,NBA,22.97,23.34,4.5,0.18,3.9800,5.6000,5.6000,2.8800
$500 NBA Daily 8/7,2020-08-07T23:00:36.320174,estk_2d63906a7d7f5770b3147c681557a264,evt_2d63906a7d7f5770,Josh Richardson,NBA,23.09,22.93,4,0.18,3.8500,3.8500,5.3100,2.6300
$500 NBA Daily 8/7,2020-08-07T23:00:36.320192,estk_2d63906a7d7f5770a1e25447b314f889,evt_2d63906a7d7f5770,Shake Milton,NBA,20.67,26.45,9.5,0.18,3.3700,5.1400,4.7900,2.0700
$500 NBA Daily 8/7,2020-08-07T23:00:36.320209,estk_2d63906a7d7f57707d8f05cf2dd6dbea,evt_2d63906a7d7f5770,D.J. Augustin,NBA,19.57,19.8,3.75,0.18,2.5900,4.9000,4.1200,1.7500
$500 NBA Daily 8/7,2020-08-07T23:00:36.320216,estk_2d63906a7d7f5770663b3162753394ed,evt_2d63906a7d7f5770,Terrence Ross,NBA,21.69,17.79,0,0.18,2.5300,5.3700,4.2100,1.6600
$500 NBA Daily 8/7,2020-08-07T23:00:36.320227,estk_2d63906a7d7f5770f95aa87cc77383be,evt_2d63906a7d7f5770,Markelle Fultz,NBA,17.25,17.65,3.5,0.18,1.9000,4.4900,3.4400,1.1100
$500 NBA Daily 8/7,2020-08-07T23:00:36.320234,estk_2d63906a7d7f577089a4b98163393691,evt_2d63906a7d7f5770,Raul Neto,NBA,15.81,12.96,0,0.18,1.8000,3.7000,3.3700,
$500 NBA Daily 8/7,2020-08-07T23:00:36.320238,estk_2d63906a7d7f57705684a141296027b3,evt_2d63906a7d7f5770,James Ennis,NBA,14.35,12.77,1,0.18,1.6800,3.3000,3.2900,
$500 NBA Daily 8/7,2020-08-07T23:00:36.320242,estk_2d63906a7d7f57708b0372db86dba9af,evt_2d63906a7d7f5770,Furkan Korkmaz,NBA,14.71,12.06,0,0.18,1.6700,3.5600,3.2700,
$500 NBA Daily 8/7,2020-08-07T23:00:36.320249,estk_2d63906a7d7f577092bc30f31e413420,evt_2d63906a7d7f5770,Matisse Thybulle,NBA,11.92,9.77,0,0.18,1.4700,3.7000,3.0600,
$500 NBA Daily 8/7,2020-08-07T23:00:36.320254,estk_2d63906a7d7f5770fcc6299cf30b55e3,evt_2d63906a7d7f5770,Ben Simmons,NBA,0,0,0,0.18,1.0000,2.5200,2.5200,
$500 NBA Daily 8/7,2020-08-07T23:00:36.320261,estk_2d63906a7d7f57705a3d5db921064e90,evt_2d63906a7d7f5770,Michael Carter-Williams,NBA,0,0,0,0.18,1.0000,2.5200,2.5200,
$500 NBA Daily 8/7,2020-08-07T23:00:36.320265,estk_2d63906a7d7f577055086ea38656fe99,evt_2d63906a7d7f5770,Aaron Gordon,NBA,0,0,0,0.18,1.0000,2.5200,2.5200,
$500 NBA Daily 8/7,2020-08-07T23:03:38.189441,estk_2d63906a7d7f5770f6c7d554d2fa9f75,evt_2d63906a7d7f5770,Nikola Vucevic,NBA,37.67,42.76,12.25,0.19,12.6000,8.0300,14.3500,10.8600
$500 NBA Daily 8/7,2020-08-07T23:03:38.189470,estk_2d63906a7d7f57707a763361bd2f9a08,evt_2d63906a7d7f5770,Joel Embiid,NBA,46.09,40.33,3,0.19,11.5000,11.2800,13.1300,9.6700
$500 NBA Daily 8/7,2020-08-07T23:03:38.189490,estk_2d63906a7d7f577063a58b55849249a4,evt_2d63906a7d7f5770,Al Horford,NBA,29.03,35.51,12,0.19,8.3100,5.3600,9.9800,6.7000
$500 NBA Daily 8/7,2020-08-07T23:03:38.189494,estk_2d63906a7d7f577077c3d3d4d8ad15c5,evt_2d63906a7d7f5770,Tobias Harris,NBA,29.74,34.84,10.75,0.19,8.0000,5.5900,9.6600,6.3400
$500 NBA Daily 8/7,2020-08-07T23:03:38.189537,estk_2d63906a7d7f5770a1e25447b314f889,evt_2d63906a7d7f5770,Shake Milton,NBA,20.67,26.24,9.5,0.19,4.3900,5.1400,5.9800,2.8100
$500 NBA Daily 8/7,2020-08-07T23:03:38.189559,estk_2d63906a7d7f577058d79b9f2662f624,evt_2d63906a7d7f5770,Evan Fournier,NBA,22.97,23.11,4.5,0.19,3.4100,5.6000,4.9800,2.4000
$500 NBA Daily 8/7,2020-08-07T23:03:38.189563,estk_2d63906a7d7f5770b3147c681557a264,evt_2d63906a7d7f5770,Josh Richardson,NBA,23.09,22.7,4,0.19,3.3800,3.8500,4.9000,2.5400
$500 NBA Daily 8/7,2020-08-07T23:03:38.189584,estk_2d63906a7d7f57707d8f05cf2dd6dbea,evt_2d63906a7d7f5770,D.J. Augustin,NBA,19.57,19.6,3.75,0.19,2.6200,4.9000,4.1200,1.7500
$500 NBA Daily 8/7,2020-08-07T23:03:38.189595,estk_2d63906a7d7f5770663b3162753394ed,evt_2d63906a7d7f5770,Terrence Ross,NBA,21.69,17.57,0,0.19,2.2700,5.3700,4.2100,1.3600
$500 NBA Daily 8/7,2020-08-07T23:03:38.189599,estk_2d63906a7d7f5770f95aa87cc77383be,evt_2d63906a7d7f5770,Markelle Fultz,NBA,17.25,16.97,3,0.19,2.2500,4.4900,3.4400,1.1100
$500 NBA Daily 8/7,2020-08-07T23:03:38.189614,estk_2d63906a7d7f577089a4b98163393691,evt_2d63906a7d7f5770,Raul Neto,NBA,15.81,12.81,0,0.19,1.6200,3.7000,3.1500,
$500 NBA Daily 8/7,2020-08-07T23:03:38.189617,estk_2d63906a7d7f57705684a141296027b3,evt_2d63906a7d7f5770,James Ennis,NBA,14.35,12.62,1,0.19,1.6200,3.3000,3.2900,
$500 NBA Daily 8/7,2020-08-07T23:03:38.189621,estk_2d63906a7d7f57708b0372db86dba9af,evt_2d63906a7d7f5770,Furkan Korkmaz,NBA,14.71,11.92,0,0.19,1.5500,3.5600,3.2700,
$500 NBA Daily 8/7,2020-08-07T23:03:38.189625,estk_2d63906a7d7f577092bc30f31e413420,evt_2d63906a7d7f5770,Matisse Thybulle,NBA,11.92,9.66,0,0.19,1.3900,3.7000,3.0600,
$500 NBA Daily 8/7,2020-08-07T23:03:38.189629,estk_2d63906a7d7f5770fcc6299cf30b55e3,evt_2d63906a7d7f5770,Ben Simmons,NBA,0,0,0,0.19,1.0000,2.5200,2.5200,
$500 NBA Daily 8/7,2020-08-07T23:03:38.189639,estk_2d63906a7d7f57705a3d5db921064e90,evt_2d63906a7d7f5770,Michael Carter-Williams,NBA,0,0,0,0.19,1.0000,2.5200,2.5200,
$500 NBA Daily 8/7,2020-08-07T23:03:38.189643,estk_2d63906a7d7f577055086ea38656fe99,evt_2d63906a7d7f5770,Aaron Gordon,NBA,0,0,0,0.19,1.0000,2.5200,2.5200,
$500 NBA Daily 8/7,2020-08-07T23:04:38.856005,estk_2d63906a7d7f5770f6c7d554d2fa9f75,evt_2d63906a7d7f5770,Nikola Vucevic,NBA,37.67,42.39,12.25,0.2,12.4100,8.0300,14.3500,10.8600
$500 NBA Daily 8/7,2020-08-07T23:04:38.856034,estk_2d63906a7d7f57707a763361bd2f9a08,evt_2d63906a7d7f5770,Joel Embiid,NBA,46.09,39.87,3,0.2,10.9300,11.2800,13.1300,9.6700
$500 NBA Daily 8/7,2020-08-07T23:04:38.856054,estk_2d63906a7d7f577063a58b55849249a4,evt_2d63906a7d7f5770,Al Horford,NBA,29.03,35.22,12,0.2,8.2800,5.3600,9.9800,6.7000
$500 NBA Daily 8/7,2020-08-07T23:04:38.856058,estk_2d63906a7d7f577077c3d3d4d8ad15c5,evt_2d63906a7d7f5770,Tobias Harris,NBA,29.74,34.54,10.75,0.2,7.8300,5.5900,9.6600,6.3400
$500 NBA Daily 8/7,2020-08-07T23:04:38.856101,estk_2d63906a7d7f5770a1e25447b314f889,evt_2d63906a7d7f5770,Shake Milton,NBA,20.67,26.04,9.5,0.2,4.2900,5.1400,5.9800,2.8100
$500 NBA Daily 8/7,2020-08-07T23:04:38.856126,estk_2d63906a7d7f577058d79b9f2662f624,evt_2d63906a7d7f5770,Evan Fournier,NBA,22.97,22.88,4.5,0.2,3.4200,5.6000,4.9800,2.4000
$500 NBA Daily 8/7,2020-08-07T23:04:38.856130,estk_2d63906a7d7f5770b3147c681557a264,evt_2d63906a7d7f5770,Josh Richardson,NBA,23.09,22.47,4,0.2,3.3000,3.8500,4.9000,2.5400
$500 NBA Daily 8/7,2020-08-07T23:04:38.856148,estk_2d63906a7d7f57707d8f05cf2dd6dbea,evt_2d63906a7d7f5770,D.J. Augustin,NBA,19.57,19.41,3.75,0.2,2.5900,4.9000,4.1200,1.7500
$500 NBA Daily 8/7,2020-08-07T23:04:38.856158,estk_2d63906a7d7f5770663b3162753394ed,evt_2d63906a7d7f5770,Terrence Ross,NBA,21.69,16.85,-0.5,0.2,2.2100,5.3700,4.2100,1.3600
$500 NBA Daily 8/7,2020-08-07T23:04:38.856166,estk_2d63906a7d7f5770f95aa87cc77383be,evt_2d63906a7d7f5770,Markelle Fultz,NBA,17.25,16.8,3,0.2,2.1300,4.4900,3.4400,1.1100
$500 NBA Daily 8/7,2020-08-07T23:04:38.856177,estk_2d63906a7d7f577089a4b98163393691,evt_2d63906a7d7f5770,Raul Neto,NBA,15.81,12.65,0,0.2,1.6200,3.7000,3.1500,
$500 NBA Daily 8/7,2020-08-07T23:04:38.856181,estk_2d63906a7d7f57705684a141296027b3,evt_2d63906a7d7f5770,James Ennis,NBA,14.35,15.73,4.25,0.2,1.6000,3.3000,3.2900,
$500 NBA Daily 8/7,2020-08-07T23:04:38.856184,estk_2d63906a7d7f57708b0372db86dba9af,evt_2d63906a7d7f5770,Furkan Korkmaz,NBA,14.71,11.77,0,0.2,1.5400,3.5600,3.2700,
$500 NBA Daily 8/7,2020-08-07T23:04:38.856188,estk_2d63906a7d7f577092bc30f31e413420,evt_2d63906a7d7f5770,Matisse Thybulle,NBA,11.92,9.54,0,0.2,1.3700,3.7000,3.0600,
$500 NBA Daily 8/7,2020-08-07T23:04:38.856192,estk_2d63906a7d7f5770fcc6299cf30b55e3,evt_2d63906a7d7f5770,Ben Simmons,NBA,0,0,0,0.2,1.0000,2.5200,2.5200,
$500 NBA Daily 8/7,2020-08-07T23:04:38.856200,estk_2d63906a7d7f57705a3d5db921064e90,evt_2d63906a7d7f5770,Michael Carter-Williams,NBA,0,0,0,0.2,1.0000,2.5200,2.5200,
$500 NBA Daily 8/7,2020-08-07T23:04:38.856203,estk_2d63906a7d7f577055086ea38656fe99,evt_2d63906a7d7f5770,Aaron Gordon,NBA,0,0,0,0.2,1.0000,2.5200,2.5200,
$500 NBA Daily 8/7,2020-08-07T23:05:39.567240,estk_2d63906a7d7f5770f6c7d554d2fa9f75,evt_2d63906a7d7f5770,Nikola Vucevic,NBA,37.67,42.01,12.25,0.21,12.4100,8.0300,14.3500,10.8600
$500 NBA Daily 8/7,2020-08-07T23:05:39.567274,estk_2d63906a7d7f57707a763361bd2f9a08,evt_2d63906a7d7f5770,Joel Embiid,NBA,46.09,42.66,6.25,0.21,10.9300,11.2800,12.6500,9.6700
$500 NBA Daily 8/7,2020-08-07T23:05:39.567294,estk_2d63906a7d7f577063a58b55849249a4,evt_2d63906a7d7f5770,Al Horford,NBA,29.03,34.93,12,0.21,8.2800,5.3600,9.9800,6.7000
$500 NBA Daily 8/7,2020-08-07T23:05:39.567298,estk_2d63906a7d7f577077c3d3d4d8ad15c5,evt_2d63906a7d7f5770,Tobias Harris,NBA,29.74,34.24,10.75,0.21,7.8300,5.5900,9.6600,6.3400
$500 NBA Daily 8/7,2020-08-07T23:05:39.567341,estk_2d63906a7d7f5770a1e25447b314f889,evt_2d63906a7d7f5770,Shake Milton,NBA,20.67,25.83,9.5,0.21,4.2900,5.1400,5.9800,2.8100
$500 NBA Daily 8/7,2020-08-07T23:05:39.567366,estk_2d63906a7d7f577058d79b9f2662f624,evt_2d63906a7d7f5770,Evan Fournier,NBA,22.97,22.65,4.5,0.21,3.4200,5.6000,4.9800,2.4000
$500 NBA Daily 8/7,2020-08-07T23:05:39.567369,estk_2d63906a7d7f5770b3147c681557a264,evt_2d63906a7d7f5770,Josh Richardson,NBA,23.09,22.24,4,0.21,3.3000,3.8500,4.9000,2.3100
$500 NBA Daily 8/7,2020-08-07T23:05:39.567387,estk_2d63906a7d7f57707d8f05cf2dd6dbea,evt_2d63906a7d7f5770,D.J. Augustin,NBA,19.57,19.21,3.75,0.21,2.5900,4.9000,4.1200,1.7500
$500 NBA Daily 8/7,2020-08-07T23:05:39.567398,estk_2d63906a7d7f5770663b3162753394ed,evt_2d63906a7d7f5770,Terrence Ross,NBA,21.69,16.64,-0.5,0.21,2.2100,5.3700,4.2100,1.3600
$500 NBA Daily 8/7,2020-08-07T23:05:39.567405,estk_2d63906a7d7f5770f95aa87cc77383be,evt_2d63906a7d7f5770,Markelle Fultz,NBA,17.25,16.63,3,0.21,2.1300,4.4900,3.4400,1.1100
$500 NBA Daily 8/7,2020-08-07T23:05:39.567416,estk_2d63906a7d7f577089a4b98163393691,evt_2d63906a7d7f5770,Raul Neto,NBA,15.81,12.49,0,0.21,1.6200,3.7000,3.1500,
$500 NBA Daily 8/7,2020-08-07T23:05:39.567420,estk_2d63906a7d7f57705684a141296027b3,evt_2d63906a7d7f5770,James Ennis,NBA,14.35,15.59,4.25,0.21,1.6000,3.3000,3.2900,
$500 NBA Daily 8/7,2020-08-07T23:05:39.567424,estk_2d63906a7d7f57708b0372db86dba9af,evt_2d63906a7d7f5770,Furkan Korkmaz,NBA,14.71,11.62,0,0.21,1.5400,3.5600,3.2700,
$500 NBA Daily 8/7,2020-08-07T23:05:39.567428,estk_2d63906a7d7f577092bc30f31e413420,evt_2d63906a7d7f5770,Matisse Thybulle,NBA,11.92,9.42,0,0.21,1.3700,3.7000,3.0600,
$500 NBA Daily 8/7,2020-08-07T23:05:39.567432,estk_2d63906a7d7f5770fcc6299cf30b55e3,evt_2d63906a7d7f5770,Ben Simmons,NBA,0,0,0,0.21,1.0000,2.5200,2.5200,
$500 NBA Daily 8/7,2020-08-07T23:05:39.567439,estk_2d63906a7d7f57705a3d5db921064e90,evt_2d63906a7d7f5770,Michael Carter-Williams,NBA,0,0,0,0.21,1.0000,2.5200,2.5200,
$500 NBA Daily 8/7,2020-08-07T23:05:39.567443,estk_2d63906a7d7f577055086ea38656fe99,evt_2d63906a7d7f5770,Aaron Gordon,NBA,0,0,0,0.21,1.0000,2.5200,2.5200,
$500 NBA Daily 8/7,2020-08-07T23:06:40.264539,estk_2d63906a7d7f57707a763361bd2f9a08,evt_2d63906a7d7f5770,Joel Embiid,NBA,46.09,40.74,5.25,0.23,12.3800,11.2800,12.6500,9.6700
$500 NBA Daily 8/7,2020-08-07T23:06:40.264569,estk_2d63906a7d7f5770f6c7d554d2fa9f75,evt_2d63906a7d7f5770,Nikola Vucevic,NBA,37.67,41.26,12.25,0.23,11.9700,8.0300,14.3500,10.8600
$500 NBA Daily 8/7,2020-08-07T23:06:40.264590,estk_2d63906a7d7f577063a58b55849249a4,evt_2d63906a7d7f5770,Al Horford,NBA,29.03,34.35,12,0.23,7.9700,5.3600,9.9800,6.7000
$500 NBA Daily 8/7,2020-08-07T23:06:40.264598,estk_2d63906a7d7f577077c3d3d4d8ad15c5,evt_2d63906a7d7f5770,Tobias Harris,NBA,29.74,33.65,10.75,0.23,7.6100,5.5900,9.6600,6.3400
$500 NBA Daily 8/7,2020-08-07T23:06:40.264690,estk_2d63906a7d7f5770a1e25447b314f889,evt_2d63906a7d7f5770,Shake Milton,NBA,20.67,25.42,9.5,0.23,4.1500,5.1400,5.9800,2.8100
$500 NBA Daily 8/7,2020-08-07T23:06:40.264715,estk_2d63906a7d7f577058d79b9f2662f624,evt_2d63906a7d7f5770,Evan Fournier,NBA,22.97,22.19,4.5,0.23,3.2800,5.6000,4.9800,2.4000
$500 NBA Daily 8/7,2020-08-07T23:06:40.264719,estk_2d63906a7d7f5770b3147c681557a264,evt_2d63906a7d7f5770,Josh Richardson,NBA,23.09,21.78,4,0.23,3.1400,3.8500,4.9000,2.3100
$500 NBA Daily 8/7,2020-08-07T23:06:40.264738,estk_2d63906a7d7f57707d8f05cf2dd6dbea,evt_2d63906a7d7f5770,D.J. Augustin,NBA,19.57,18.82,3.75,0.23,2.4800,4.9000,4.1200,1.7500
$500 NBA Daily 8/7,2020-08-07T23:06:40.264749,estk_2d63906a7d7f5770f95aa87cc77383be,evt_2d63906a7d7f5770,Markelle Fultz,NBA,17.25,15.78,2.5,0.23,2.0700,4.4900,3.4400,1.1100
$500 NBA Daily 8/7,2020-08-07T23:06:40.264752,estk_2d63906a7d7f5770663b3162753394ed,evt_2d63906a7d7f5770,Terrence Ross,NBA,21.69,16.2,-0.5,0.23,2.0400,5.3700,4.2100,1.3600
$500 NBA Daily 8/7,2020-08-07T23:06:40.264756,estk_2d63906a7d7f57705684a141296027b3,evt_2d63906a7d7f5770,James Ennis,NBA,14.35,16.55,5.5,0.23,1.9000,3.3000,3.2900,
$500 NBA Daily 8/7,2020-08-07T23:06:40.264767,estk_2d63906a7d7f577089a4b98163393691,evt_2d63906a7d7f5770,Raul Neto,NBA,15.81,12.17,0,0.23,1.5800,3.7000,3.1500,
$500 NBA Daily 8/7,2020-08-07T23:06:40.264771,estk_2d63906a7d7f57708b0372db86dba9af,evt_2d63906a7d7f5770,Furkan Korkmaz,NBA,14.71,11.33,0,0.23,1.5000,3.5600,3.2700,
$500 NBA Daily 8/7,2020-08-07T23:06:40.264775,estk_2d63906a7d7f577092bc30f31e413420,evt_2d63906a7d7f5770,Matisse Thybulle,NBA,11.92,9.18,0,0.23,1.3500,3.7000,3.0600,
$500 NBA Daily 8/7,2020-08-07T23:06:40.264779,estk_2d63906a7d7f5770fcc6299cf30b55e3,evt_2d63906a7d7f5770,Ben Simmons,NBA,0,0,0,0.23,1.0000,2.5200,2.5200,
$500 NBA Daily 8/7,2020-08-07T23:06:40.264786,estk_2d63906a7d7f57705a3d5db921064e90,evt_2d63906a7d7f5770,Michael Carter-Williams,NBA,0,0,0,0.23,1.0000,2.5200,2.5200,
$500 NBA Daily 8/7,2020-08-07T23:06:40.264790,estk_2d63906a7d7f577055086ea38656fe99,evt_2d63906a7d7f5770,Aaron Gordon,NBA,0,0,0,0.23,1.0000,2.5200,2.5200,
$500 NBA Daily 8/7,2020-08-07T23:07:40.915711,estk_2d63906a7d7f5770f6c7d554d2fa9f75,evt_2d63906a7d7f5770,Nikola Vucevic,NBA,37.67,40.88,12.25,0.24,11.6800,8.0300,13.3900,
$500 NBA Daily 8/7,2020-08-07T23:07:40.915740,estk_2d63906a7d7f57707a763361bd2f9a08,evt_2d63906a7d7f5770,Joel Embiid,NBA,46.09,40.28,5.25,0.24,11.3200,11.2800,12.6500,9.6700
$500 NBA Daily 8/7,2020-08-07T23:07:40.915760,estk_2d63906a7d7f577063a58b55849249a4,evt_2d63906a7d7f5770,Al Horford,NBA,29.03,34.06,12,0.24,7.7800,5.3600,9.4400,6.7000
$500 NBA Daily 8/7,2020-08-07T23:07:40.915767,estk_2d63906a7d7f577077c3d3d4d8ad15c5,evt_2d63906a7d7f5770,Tobias Harris,NBA,29.74,33.35,10.75,0.24,7.3900,5.5900,9.0400,6.3400
$500 NBA Daily 8/7,2020-08-07T23:07:40.915814,estk_2d63906a7d7f5770a1e25447b314f889,evt_2d63906a7d7f5770,Shake Milton,NBA,20.67,25.21,9.5,0.24,4.1000,5.1400,5.9800,2.8100
$500 NBA Daily 8/7,2020-08-07T23:07:40.915835,estk_2d63906a7d7f577058d79b9f2662f624,evt_2d63906a7d7f5770,Evan Fournier,NBA,22.97,21.96,4.5,0.24,3.1300,5.6000,4.9800,2.2500
$500 NBA Daily 8/7,2020-08-07T23:07:40.915843,estk_2d63906a7d7f5770b3147c681557a264,evt_2d63906a7d7f5770,Josh Richardson,NBA,23.09,21.55,4,0.24,3.0500,3.8500,4.6000,2.2300
$500 NBA Daily 8/7,2020-08-07T23:07:40.915858,estk_2d63906a7d7f57707d8f05cf2dd6dbea,evt_2d63906a7d7f5770,D.J. Augustin,NBA,19.57,18.62,3.75,0.24,2.4100,4.9000,4.1200,1.5800
$500 NBA Daily 8/7,2020-08-07T23:07:40.915868,estk_2d63906a7d7f57705684a141296027b3,evt_2d63906a7d7f5770,James Ennis,NBA,14.35,16.41,5.5,0.24,2.0500,3.3000,3.2900,
$500 NBA Daily 8/7,2020-08-07T23:07:40.915872,estk_2d63906a7d7f5770663b3162753394ed,evt_2d63906a7d7f5770,Terrence Ross,NBA,21.69,16.23,-0.25,0.24,2.0100,5.3700,3.5400,1.1900
$500 NBA Daily 8/7,2020-08-07T23:07:40.915876,estk_2d63906a7d7f5770f95aa87cc77383be,evt_2d63906a7d7f5770,Markelle Fultz,NBA,17.25,17.61,4.5,0.24,1.9300,3.4400,3.4400,1.1100
$500 NBA Daily 8/7,2020-08-07T23:07:40.915888,estk_2d63906a7d7f577089a4b98163393691,evt_2d63906a7d7f5770,Raul Neto,NBA,15.81,12.02,0,0.24,1.5100,3.7000,3.1500,
$500 NBA Daily 8/7,2020-08-07T23:07:40.915891,estk_2d63906a7d7f57708b0372db86dba9af,evt_2d63906a7d7f5770,Furkan Korkmaz,NBA,14.71,11.18,0,0.24,1.4700,2.9900,2.9900,
$500 NBA Daily 8/7,2020-08-07T23:07:40.915895,estk_2d63906a7d7f577092bc30f31e413420,evt_2d63906a7d7f5770,Matisse Thybulle,NBA,11.92,11.06,2,0.24,1.3300,3.7000,3.0600,
$500 NBA Daily 8/7,2020-08-07T23:07:40.915899,estk_2d63906a7d7f5770fcc6299cf30b55e3,evt_2d63906a7d7f5770,Ben Simmons,NBA,0,0,0,0.24,1.0000,2.5200,2.5200,
$500 NBA Daily 8/7,2020-08-07T23:07:40.915906,estk_2d63906a7d7f57705a3d5db921064e90,evt_2d63906a7d7f5770,Michael Carter-Williams,NBA,0,0,0,0.24,1.0000,2.5200,2.5200,
$500 NBA Daily 8/7,2020-08-07T23:07:40.915910,estk_2d63906a7d7f577055086ea38656fe99,evt_2d63906a7d7f5770,Aaron Gordon,NBA,0,0,0,0.24,1.0000,2.5200,2.5200,
$500 NBA Daily 8/7,2020-08-07T23:08:41.610793,estk_2d63906a7d7f5770f6c7d554d2fa9f75,evt_2d63906a7d7f5770,Nikola Vucevic,NBA,37.67,40.5,12.25,0.25,11.4800,8.0300,13.3900,9.9500
$500 NBA Daily 8/7,2020-08-07T23:08:41.610822,estk_2d63906a7d7f57707a763361bd2f9a08,evt_2d63906a7d7f5770,Joel Embiid,NBA,46.09,39.82,5.25,0.25,11.1800,11.2800,12.6500,9.6700
$500 NBA Daily 8/7,2020-08-07T23:08:41.610845,estk_2d63906a7d7f577063a58b55849249a4,evt_2d63906a7d7f5770,Al Horford,NBA,29.03,33.77,12,0.25,7.6000,5.3600,9.4400,6.7000
$500 NBA Daily 8/7,2020-08-07T23:08:41.610853,estk_2d63906a7d7f577077c3d3d4d8ad15c5,evt_2d63906a7d7f5770,Tobias Harris,NBA,29.74,33.05,10.75,0.25,7.2500,5.5900,9.0400,6.3400
$500 NBA Daily 8/7,2020-08-07T23:08:41.610896,estk_2d63906a7d7f5770a1e25447b314f889,evt_2d63906a7d7f5770,Shake Milton,NBA,20.67,25,9.5,0.25,3.9900,5.1400,5.9800,2.8100
$500 NBA Daily 8/7,2020-08-07T23:08:41.610918,estk_2d63906a7d7f577058d79b9f2662f624,evt_2d63906a7d7f5770,Evan Fournier,NBA,22.97,21.73,4.5,0.25,3.0900,5.6000,4.9800,2.2500
$500 NBA Daily 8/7,2020-08-07T23:08:41.610925,estk_2d63906a7d7f5770b3147c681557a264,evt_2d63906a7d7f5770,Josh Richardson,NBA,23.09,21.32,4,0.25,2.9700,3.8500,4.6000,2.2300
$500 NBA Daily 8/7,2020-08-07T23:08:41.610943,estk_2d63906a7d7f57707d8f05cf2dd6dbea,evt_2d63906a7d7f5770,D.J. Augustin,NBA,19.57,18.43,3.75,0.25,2.3800,4.9000,4.1200,1.5800
$500 NBA Daily 8/7,2020-08-07T23:08:41.610950,estk_2d63906a7d7f5770f95aa87cc77383be,evt_2d63906a7d7f5770,Markelle Fultz,NBA,17.25,18.94,6,0.25,2.1600,3.4400,3.4400,1.1100
$500 NBA Daily 8/7,2020-08-07T23:08:41.610954,estk_2d63906a7d7f57705684a141296027b3,evt_2d63906a7d7f5770,James Ennis,NBA,14.35,17.76,7,0.25,2.0000,3.3000,3.2900,
$500 NBA Daily 8/7,2020-08-07T23:08:41.610958,estk_2d63906a7d7f5770663b3162753394ed,evt_2d63906a7d7f5770,Terrence Ross,NBA,21.69,16.02,-0.25,0.25,1.9900,5.3700,3.5400,1.1900
$500 NBA Daily 8/7,2020-08-07T23:08:41.610969,estk_2d63906a7d7f577089a4b98163393691,evt_2d63906a7d7f5770,Raul Neto,NBA,15.81,11.86,0,0.25,1.5100,3.7000,3.1500,
$500 NBA Daily 8/7,2020-08-07T23:08:41.610973,estk_2d63906a7d7f57708b0372db86dba9af,evt_2d63906a7d7f5770,Furkan Korkmaz,NBA,14.71,11.03,0,0.25,1.4600,2.9900,2.9900,
$500 NBA Daily 8/7,2020-08-07T23:08:41.610976,estk_2d63906a7d7f577092bc30f31e413420,evt_2d63906a7d7f5770,Matisse Thybulle,NBA,11.92,10.94,2,0.25,1.4300,3.7000,3.0600,
$500 NBA Daily 8/7,2020-08-07T23:08:41.610981,estk_2d63906a7d7f5770fcc6299cf30b55e3,evt_2d63906a7d7f5770,Ben Simmons,NBA,0,0,0,0.25,1.0000,2.5200,2.5200,
$500 NBA Daily 8/7,2020-08-07T23:08:41.610988,estk_2d63906a7d7f57705a3d5db921064e90,evt_2d63906a7d7f5770,Michael Carter-Williams,NBA,0,0,0,0.25,1.0000,2.5200,2.5200,
$500 NBA Daily 8/7,2020-08-07T23:08:41.610992,estk_2d63906a7d7f577055086ea38656fe99,evt_2d63906a7d7f5770,Aaron Gordon,NBA,0,0,0,0.25,1.0000,2.5200,2.5200,
$500 NBA Daily 8/7,2020-08-07T23:13:44.867444,estk_2d63906a7d7f5770f6c7d554d2fa9f75,evt_2d63906a7d7f5770,Nikola Vucevic,NBA,37.67,39.37,12.25,0.28,11.3200,8.0300,13.3900,9.9500
$500 NBA Daily 8/7,2020-08-07T23:13:44.867471,estk_2d63906a7d7f57707a763361bd2f9a08,evt_2d63906a7d7f5770,Joel Embiid,NBA,46.09,38.43,5.25,0.28,10.8700,11.2800,12.5300,9.6700
$500 NBA Daily 8/7,2020-08-07T23:13:44.867498,estk_2d63906a7d7f577063a58b55849249a4,evt_2d63906a7d7f5770,Al Horford,NBA,29.03,32.9,12,0.28,7.5600,5.3600,9.4400,5.8500
$500 NBA Daily 8/7,2020-08-07T23:13:44.867506,estk_2d63906a7d7f577077c3d3d4d8ad15c5,evt_2d63906a7d7f5770,Tobias Harris,NBA,29.74,32.16,10.75,0.28,7.1100,5.5900,9.0400,5.7100
$500 NBA Daily 8/7,2020-08-07T23:13:44.867549,estk_2d63906a7d7f5770a1e25447b314f889,evt_2d63906a7d7f5770,Shake Milton,NBA,20.67,24.38,9.5,0.28,3.9200,5.1400,5.4900,2.8100
$500 NBA Daily 8/7,2020-08-07T23:13:44.867573,estk_2d63906a7d7f577058d79b9f2662f624,evt_2d63906a7d7f5770,Evan Fournier,NBA,22.97,21.04,4.5,0.28,3.0200,5.6000,4.9800,1.8400
$500 NBA Daily 8/7,2020-08-07T23:13:44.867577,estk_2d63906a7d7f5770b3147c681557a264,evt_2d63906a7d7f5770,Josh Richardson,NBA,23.09,20.62,4,0.28,2.9200,3.8500,4.6000,1.9800
$500 NBA Daily 8/7,2020-08-07T23:13:44.867592,estk_2d63906a7d7f5770f95aa87cc77383be,evt_2d63906a7d7f5770,Markelle Fultz,NBA,17.25,18.42,6,0.28,2.4100,3.4400,3.9600,1.1100
$500 NBA Daily 8/7,2020-08-07T23:13:44.867599,estk_2d63906a7d7f57707d8f05cf2dd6dbea,evt_2d63906a7d7f5770,D.J. Augustin,NBA,19.57,17.84,3.75,0.28,2.3400,4.9000,3.8600,1.5100
$500 NBA Daily 8/7,2020-08-07T23:13:44.867602,estk_2d63906a7d7f57705684a141296027b3,evt_2d63906a7d7f5770,James Ennis,NBA,14.35,17.33,7,0.28,2.2100,3.3000,3.2900,
$500 NBA Daily 8/7,2020-08-07T23:13:44.867610,estk_2d63906a7d7f5770663b3162753394ed,evt_2d63906a7d7f5770,Terrence Ross,NBA,21.69,14.87,-0.75,0.28,1.9300,5.3700,3.5400,1.1100
$500 NBA Daily 8/7,2020-08-07T23:13:44.867623,estk_2d63906a7d7f577089a4b98163393691,evt_2d63906a7d7f5770,Raul Neto,NBA,15.81,11.38,0,0.28,1.4800,3.7000,3.1500,
$500 NBA Daily 8/7,2020-08-07T23:13:44.867627,estk_2d63906a7d7f57708b0372db86dba9af,evt_2d63906a7d7f5770,Furkan Korkmaz,NBA,14.71,10.59,0,0.28,1.4300,2.9900,2.9900,
$500 NBA Daily 8/7,2020-08-07T23:13:44.867631,estk_2d63906a7d7f577092bc30f31e413420,evt_2d63906a7d7f5770,Matisse Thybulle,NBA,11.92,10.58,2,0.28,1.4200,3.7000,3.0600,
$500 NBA Daily 8/7,2020-08-07T23:13:44.867635,estk_2d63906a7d7f5770fcc6299cf30b55e3,evt_2d63906a7d7f5770,Ben Simmons,NBA,0,0,0,0.28,1.0000,2.5200,2.5200,
$500 NBA Daily 8/7,2020-08-07T23:13:44.867642,estk_2d63906a7d7f57705a3d5db921064e90,evt_2d63906a7d7f5770,Michael Carter-Williams,NBA,0,0,0,0.28,1.0000,2.5200,2.5200,
$500 NBA Daily 8/7,2020-08-07T23:13:44.867646,estk_2d63906a7d7f577055086ea38656fe99,evt_2d63906a7d7f5770,Aaron Gordon,NBA,0,0,0,0.28,1.0000,2.5200,2.5200,
$500 NBA Daily 8/7,2020-08-07T23:15:46.179676,estk_2d63906a7d7f5770f6c7d554d2fa9f75,evt_2d63906a7d7f5770,Nikola Vucevic,NBA,37.67,38.62,12.25,0.3,10.7900,8.0300,12.5100,9.5700
$500 NBA Daily 8/7,2020-08-07T23:15:46.179715,estk_2d63906a7d7f57707a763361bd2f9a08,evt_2d63906a7d7f5770,Joel Embiid,NBA,46.09,39.51,7.25,0.3,10.1900,11.2800,11.8900,8.4900
$500 NBA Daily 8/7,2020-08-07T23:15:46.179737,estk_2d63906a7d7f577063a58b55849249a4,evt_2d63906a7d7f5770,Al Horford,NBA,29.03,32.32,12,0.3,7.1000,5.3600,8.7400,5.8500
$500 NBA Daily 8/7,2020-08-07T23:15:46.179744,estk_2d63906a7d7f577077c3d3d4d8ad15c5,evt_2d63906a7d7f5770,Tobias Harris,NBA,29.74,33.82,13,0.3,6.7900,5.5900,8.4300,5.7100
$500 NBA Daily 8/7,2020-08-07T23:15:46.179788,estk_2d63906a7d7f5770a1e25447b314f889,evt_2d63906a7d7f5770,Shake Milton,NBA,20.67,23.97,9.5,0.3,3.7400,5.1400,5.3100,2.8100
$500 NBA Daily 8/7,2020-08-07T23:15:46.179812,estk_2d63906a7d7f577058d79b9f2662f624,evt_2d63906a7d7f5770,Evan Fournier,NBA,22.97,20.58,4.5,0.3,2.8300,5.6000,4.3900,1.8400
$500 NBA Daily 8/7,2020-08-07T23:15:46.179816,estk_2d63906a7d7f5770b3147c681557a264,evt_2d63906a7d7f5770,Josh Richardson,NBA,23.09,20.16,4,0.3,2.7600,3.8500,4.3200,1.8100
$500 NBA Daily 8/7,2020-08-07T23:15:46.179828,estk_2d63906a7d7f5770f95aa87cc77383be,evt_2d63906a7d7f5770,Markelle Fultz,NBA,17.25,20.07,8,0.3,2.3100,3.4400,3.9600,1.1100
$500 NBA Daily 8/7,2020-08-07T23:15:46.179835,estk_2d63906a7d7f57707d8f05cf2dd6dbea,evt_2d63906a7d7f5770,D.J. Augustin,NBA,19.57,17.45,3.75,0.3,2.2300,4.9000,3.8600,1.2800
$500 NBA Daily 8/7,2020-08-07T23:15:46.179839,estk_2d63906a7d7f57705684a141296027b3,evt_2d63906a7d7f5770,James Ennis,NBA,14.35,17.05,7,0.3,2.1500,3.3000,3.2900,
$500 NBA Daily 8/7,2020-08-07T23:15:46.179846,estk_2d63906a7d7f5770663b3162753394ed,evt_2d63906a7d7f5770,Terrence Ross,NBA,21.69,13.93,-1.25,0.3,1.7800,5.3700,3.5400,
$500 NBA Daily 8/7,2020-08-07T23:15:46.179853,estk_2d63906a7d7f577089a4b98163393691,evt_2d63906a7d7f5770,Raul Neto,NBA,15.81,11.07,0,0.3,1.4400,3.7000,3.1500,
$500 NBA Daily 8/7,2020-08-07T23:15:46.179857,estk_2d63906a7d7f57708b0372db86dba9af,evt_2d63906a7d7f5770,Furkan Korkmaz,NBA,14.71,10.3,0,0.3,1.3900,2.9900,2.9900,
$500 NBA Daily 8/7,2020-08-07T23:15:46.179861,estk_2d63906a7d7f577092bc30f31e413420,evt_2d63906a7d7f5770,Matisse Thybulle,NBA,11.92,10.34,2,0.3,1.3900,3.7000,3.0600,
$500 NBA Daily 8/7,2020-08-07T23:15:46.179865,estk_2d63906a7d7f5770fcc6299cf30b55e3,evt_2d63906a7d7f5770,Ben Simmons,NBA,0,0,0,0.3,1.0000,2.5200,2.5200,
$500 NBA Daily 8/7,2020-08-07T23:15:46.179872,estk_2d63906a7d7f57705a3d5db921064e90,evt_2d63906a7d7f5770,Michael Carter-Williams,NBA,0,0,0,0.3,1.0000,2.5200,2.5200,
$500 NBA Daily 8/7,2020-08-07T23:15:46.179876,estk_2d63906a7d7f577055086ea38656fe99,evt_2d63906a7d7f5770,Aaron Gordon,NBA,0,0,0,0.3,1.0000,2.5200,2.5200,
$500 NBA Daily 8/7,2020-08-07T23:16:46.816509,estk_2d63906a7d7f5770f6c7d554d2fa9f75,evt_2d63906a7d7f5770,Nikola Vucevic,NBA,37.67,38.24,12.25,0.31,10.7900,8.0300,12.5100,9.5700
$500 NBA Daily 8/7,2020-08-07T23:16:46.816544,estk_2d63906a7d7f57707a763361bd2f9a08,evt_2d63906a7d7f5770,Joel Embiid,NBA,46.09,39.05,7.25,0.31,10.1900,11.2800,11.8900,8.4900
$500 NBA Daily 8/7,2020-08-07T23:16:46.816566,estk_2d63906a7d7f577063a58b55849249a4,evt_2d63906a7d7f5770,Al Horford,NBA,29.03,32.03,12,0.31,7.1000,5.3600,8.7400,5.8500
$500 NBA Daily 8/7,2020-08-07T23:16:46.816573,estk_2d63906a7d7f577077c3d3d4d8ad15c5,evt_2d63906a7d7f5770,Tobias Harris,NBA,29.74,33.02,12.5,0.31,6.7900,5.5900,8.4300,5.7100
$500 NBA Daily 8/7,2020-08-07T23:16:46.816615,estk_2d63906a7d7f5770a1e25447b314f889,evt_2d63906a7d7f5770,Shake Milton,NBA,20.67,23.76,9.5,0.31,3.7400,5.1400,5.3100,2.8100
$500 NBA Daily 8/7,2020-08-07T23:16:46.816673,estk_2d63906a7d7f577058d79b9f2662f624,evt_2d63906a7d7f5770,Evan Fournier,NBA,22.97,20.35,4.5,0.31,2.8300,5.6000,4.3900,1.8400
$500 NBA Daily 8/7,2020-08-07T23:16:46.816677,estk_2d63906a7d7f5770b3147c681557a264,evt_2d63906a7d7f5770,Josh Richardson,NBA,23.09,19.93,4,0.31,2.7600,3.8500,4.3200,1.8100
$500 NBA Daily 8/7,2020-08-07T23:16:46.816688,estk_2d63906a7d7f5770f95aa87cc77383be,evt_2d63906a7d7f5770,Markelle Fultz,NBA,17.25,19.9,8,0.31,2.3100,3.4400,3.9600,1.1100
$500 NBA Daily 8/7,2020-08-07T23:16:46.816695,estk_2d63906a7d7f57707d8f05cf2dd6dbea,evt_2d63906a7d7f5770,D.J. Augustin,NBA,19.57,17.25,3.75,0.31,2.2300,4.9000,3.8600,1.2800
$500 NBA Daily 8/7,2020-08-07T23:16:46.816699,estk_2d63906a7d7f57705684a141296027b3,evt_2d63906a7d7f5770,James Ennis,NBA,14.35,16.9,7,0.31,2.1500,3.3000,3.2900,
$500 NBA Daily 8/7,2020-08-07T23:16:46.816707,estk_2d63906a7d7f5770663b3162753394ed,evt_2d63906a7d7f5770,Terrence Ross,NBA,21.69,13.22,-1.75,0.31,1.7800,5.3700,3.5400,
$500 NBA Daily 8/7,2020-08-07T23:16:46.816714,estk_2d63906a7d7f577089a4b98163393691,evt_2d63906a7d7f5770,Raul Neto,NBA,15.81,10.91,0,0.31,1.4400,3.7000,3.1500,
$500 NBA Daily 8/7,2020-08-07T23:16:46.816718,estk_2d63906a7d7f57708b0372db86dba9af,evt_2d63906a7d7f5770,Furkan Korkmaz,NBA,14.71,10.15,0,0.31,1.3900,2.9900,2.9900,
$500 NBA Daily 8/7,2020-08-07T23:16:46.816722,estk_2d63906a7d7f577092bc30f31e413420,evt_2d63906a7d7f5770,Matisse Thybulle,NBA,11.92,10.22,2,0.31,1.3900,3.7000,3.0600,
$500 NBA Daily 8/7,2020-08-07T23:16:46.816726,estk_2d63906a7d7f5770fcc6299cf30b55e3,evt_2d63906a7d7f5770,Ben Simmons,NBA,0,0,0,0.31,1.0000,2.5200,2.5200,
$500 NBA Daily 8/7,2020-08-07T23:16:46.816733,estk_2d63906a7d7f57705a3d5db921064e90,evt_2d63906a7d7f5770,Michael Carter-Williams,NBA,0,0,0,0.31,1.0000,2.5200,2.5200,
$500 NBA Daily 8/7,2020-08-07T23:16:46.816737,estk_2d63906a7d7f577055086ea38656fe99,evt_2d63906a7d7f5770,Aaron Gordon,NBA,0,0,0,0.31,1.0000,2.5200,2.5200,
$500 NBA Daily 8/7,2020-08-07T23:17:47.511062,estk_2d63906a7d7f57707a763361bd2f9a08,evt_2d63906a7d7f5770,Joel Embiid,NBA,46.09,38.09,6.75,0.32,10.0400,11.2800,11.8900,8.8900
$500 NBA Daily 8/7,2020-08-07T23:17:47.511067,estk_2d63906a7d7f5770f6c7d554d2fa9f75,evt_2d63906a7d7f5770,Nikola Vucevic,NBA,37.67,37.87,12.25,0.32,10.0100,8.0300,11.7100,9.0700
$500 NBA Daily 8/7,2020-08-07T23:17:47.511082,estk_2d63906a7d7f577077c3d3d4d8ad15c5,evt_2d63906a7d7f5770,Tobias Harris,NBA,29.74,33.97,13.75,0.32,7.6900,5.5900,8.4300,5.7100
$500 NBA Daily 8/7,2020-08-07T23:17:47.511103,estk_2d63906a7d7f577063a58b55849249a4,evt_2d63906a7d7f5770,Al Horford,NBA,29.03,31.74,12,0.32,6.5500,5.3600,8.7400,5.8500
$500 NBA Daily 8/7,2020-08-07T23:17:47.511148,estk_2d63906a7d7f5770a1e25447b314f889,evt_2d63906a7d7f5770,Shake Milton,NBA,20.67,23.56,9.5,0.32,3.4600,5.1400,5.3100,2.5200
$500 NBA Daily 8/7,2020-08-07T23:17:47.511166,estk_2d63906a7d7f577058d79b9f2662f624,evt_2d63906a7d7f5770,Evan Fournier,NBA,22.97,20.12,4.5,0.32,2.6100,5.6000,4.3900,1.8400
$500 NBA Daily 8/7,2020-08-07T23:17:47.511170,estk_2d63906a7d7f5770b3147c681557a264,evt_2d63906a7d7f5770,Josh Richardson,NBA,23.09,19.7,4,0.32,2.5100,3.8500,4.3200,1.7600
$500 NBA Daily 8/7,2020-08-07T23:17:47.511173,estk_2d63906a7d7f5770f95aa87cc77383be,evt_2d63906a7d7f5770,Markelle Fultz,NBA,17.25,19.23,7.5,0.32,2.4400,3.4400,3.9600,1.1100
$500 NBA Daily 8/7,2020-08-07T23:17:47.511185,estk_2d63906a7d7f57707d8f05cf2dd6dbea,evt_2d63906a7d7f5770,D.J. Augustin,NBA,19.57,17.06,3.75,0.32,2.0600,4.9000,3.8600,1.2400
$500 NBA Daily 8/7,2020-08-07T23:17:47.511189,estk_2d63906a7d7f57705684a141296027b3,evt_2d63906a7d7f5770,James Ennis,NBA,14.35,16.76,7,0.32,2.0200,3.3000,3.2900,
$500 NBA Daily 8/7,2020-08-07T23:17:47.511200,estk_2d63906a7d7f5770663b3162753394ed,evt_2d63906a7d7f5770,Terrence Ross,NBA,21.69,13,-1.75,0.32,1.5700,5.3700,3.5400,
$500 NBA Daily 8/7,2020-08-07T23:17:47.511204,estk_2d63906a7d7f577089a4b98163393691,evt_2d63906a7d7f5770,Raul Neto,NBA,15.81,10.75,0,0.32,1.3700,3.7000,3.1500,
$500 NBA Daily 8/7,2020-08-07T23:17:47.511207,estk_2d63906a7d7f57708b0372db86dba9af,evt_2d63906a7d7f5770,Furkan Korkmaz,NBA,14.71,10,0,0.32,1.3300,2.9900,2.9900,
$500 NBA Daily 8/7,2020-08-07T23:17:47.511211,estk_2d63906a7d7f577092bc30f31e413420,evt_2d63906a7d7f5770,Matisse Thybulle,NBA,11.92,10.11,2,0.32,1.3300,3.7000,3.0600,
$500 NBA Daily 8/7,2020-08-07T23:17:47.511215,estk_2d63906a7d7f5770fcc6299cf30b55e3,evt_2d63906a7d7f5770,Ben Simmons,NBA,0,0,0,0.32,1.0000,2.5200,2.5200,
$500 NBA Daily 8/7,2020-08-07T23:17:47.511223,estk_2d63906a7d7f57705a3d5db921064e90,evt_2d63906a7d7f5770,Michael Carter-Williams,NBA,0,0,0,0.32,1.0000,2.5200,2.5200,
$500 NBA Daily 8/7,2020-08-07T23:17:47.511226,estk_2d63906a7d7f577055086ea38656fe99,evt_2d63906a7d7f5770,Aaron Gordon,NBA,0,0,0,0.32,1.0000,2.5200,2.5200,
$500 NBA Daily 8/7,2020-08-07T23:18:48.188212,estk_2d63906a7d7f57707a763361bd2f9a08,evt_2d63906a7d7f5770,Joel Embiid,NBA,46.09,38.88,8,0.33,10.0500,11.2800,11.8900,8.8900
$500 NBA Daily 8/7,2020-08-07T23:18:48.188218,estk_2d63906a7d7f5770f6c7d554d2fa9f75,evt_2d63906a7d7f5770,Nikola Vucevic,NBA,37.67,37.49,12.25,0.33,9.9500,8.0300,11.6500,
$500 NBA Daily 8/7,2020-08-07T23:18:48.188233,estk_2d63906a7d7f577077c3d3d4d8ad15c5,evt_2d63906a7d7f5770,Tobias Harris,NBA,29.74,33.18,13.25,0.33,7.7000,5.5900,9.3500,5.7100
$500 NBA Daily 8/7,2020-08-07T23:18:48.188259,estk_2d63906a7d7f577063a58b55849249a4,evt_2d63906a7d7f5770,Al Horford,NBA,29.03,31.45,12,0.33,6.5800,5.3600,8.2100,5.4600
$500 NBA Daily 8/7,2020-08-07T23:18:48.188302,estk_2d63906a7d7f5770a1e25447b314f889,evt_2d63906a7d7f5770,Shake Milton,NBA,20.67,23.35,9.5,0.33,3.4800,5.1400,5.3100,2.3400
$500 NBA Daily 8/7,2020-08-07T23:18:48.188324,estk_2d63906a7d7f577058d79b9f2662f624,evt_2d63906a7d7f5770,Evan Fournier,NBA,22.97,19.89,4.5,0.33,2.6300,5.6000,4.3900,1.5700
$500 NBA Daily 8/7,2020-08-07T23:18:48.188328,estk_2d63906a7d7f5770b3147c681557a264,evt_2d63906a7d7f5770,Josh Richardson,NBA,23.09,19.47,4,0.33,2.5300,3.8500,4.0800,1.5800
$500 NBA Daily 8/7,2020-08-07T23:18:48.188335,estk_2d63906a7d7f5770f95aa87cc77383be,evt_2d63906a7d7f5770,Markelle Fultz,NBA,17.25,19.06,7.5,0.33,2.4300,3.9600,3.9600,1.1100
$500 NBA Daily 8/7,2020-08-07T23:18:48.188343,estk_2d63906a7d7f57707d8f05cf2dd6dbea,evt_2d63906a7d7f5770,D.J. Augustin,NBA,19.57,16.86,3.75,0.33,2.0400,4.9000,3.5800,1.2400
$500 NBA Daily 8/7,2020-08-07T23:18:48.188347,estk_2d63906a7d7f57705684a141296027b3,evt_2d63906a7d7f5770,James Ennis,NBA,14.35,16.61,7,0.33,2.0000,3.3000,3.2900,
$500 NBA Daily 8/7,2020-08-07T23:18:48.188358,estk_2d63906a7d7f5770663b3162753394ed,evt_2d63906a7d7f5770,Terrence Ross,NBA,21.69,12.28,-2.25,0.33,1.5600,5.3700,3.5400,
$500 NBA Daily 8/7,2020-08-07T23:18:48.188361,estk_2d63906a7d7f577089a4b98163393691,evt_2d63906a7d7f5770,Raul Neto,NBA,15.81,10.59,0,0.33,1.3700,3.7000,3.1500,
$500 NBA Daily 8/7,2020-08-07T23:18:48.188365,estk_2d63906a7d7f577092bc30f31e413420,evt_2d63906a7d7f5770,Matisse Thybulle,NBA,11.92,9.99,2,0.33,1.3400,3.7000,3.0600,
$500 NBA Daily 8/7,2020-08-07T23:18:48.188369,estk_2d63906a7d7f57708b0372db86dba9af,evt_2d63906a7d7f5770,Furkan Korkmaz,NBA,14.71,9.86,0,0.33,1.3200,2.9900,2.9900,
$500 NBA Daily 8/7,2020-08-07T23:18:48.188373,estk_2d63906a7d7f5770fcc6299cf30b55e3,evt_2d63906a7d7f5770,Ben Simmons,NBA,0,0,0,0.33,1.0000,2.5200,2.5200,
$500 NBA Daily 8/7,2020-08-07T23:18:48.188381,estk_2d63906a7d7f57705a3d5db921064e90,evt_2d63906a7d7f5770,Michael Carter-Williams,NBA,0,0,0,0.33,1.0000,2.5200,2.5200,
$500 NBA Daily 8/7,2020-08-07T23:18:48.188385,estk_2d63906a7d7f577055086ea38656fe99,evt_2d63906a7d7f5770,Aaron Gordon,NBA,0,0,0,0.33,1.0000,2.5200,2.5200,
$500 NBA Daily 8/7,2020-08-07T23:19:48.826930,estk_2d63906a7d7f57707a763361bd2f9a08,evt_2d63906a7d7f5770,Joel Embiid,NBA,46.09,38.75,9.25,0.36,10.6100,11.2800,11.8900,8.9000
$500 NBA Daily 8/7,2020-08-07T23:19:48.826968,estk_2d63906a7d7f5770f6c7d554d2fa9f75,evt_2d63906a7d7f5770,Nikola Vucevic,NBA,37.67,35.86,11.75,0.36,9.7200,8.0300,11.6500,8.2500
$500 NBA Daily 8/7,2020-08-07T23:19:48.826986,estk_2d63906a7d7f577077c3d3d4d8ad15c5,evt_2d63906a7d7f5770,Tobias Harris,NBA,29.74,33.78,14.75,0.36,7.3300,5.5900,8.9800,5.7100
$500 NBA Daily 8/7,2020-08-07T23:19:48.827007,estk_2d63906a7d7f577063a58b55849249a4,evt_2d63906a7d7f5770,Al Horford,NBA,29.03,30.58,12,0.36,6.4000,5.3600,8.0300,5.4600
$500 NBA Daily 8/7,2020-08-07T23:19:48.827049,estk_2d63906a7d7f5770a1e25447b314f889,evt_2d63906a7d7f5770,Shake Milton,NBA,20.67,22.73,9.5,0.36,3.4100,5.1400,5.3100,2.3400
$500 NBA Daily 8/7,2020-08-07T23:19:48.827066,estk_2d63906a7d7f577058d79b9f2662f624,evt_2d63906a7d7f5770,Evan Fournier,NBA,22.97,19.2,4.5,0.36,2.5600,5.6000,4.3900,1.5700
$500 NBA Daily 8/7,2020-08-07T23:19:48.827070,estk_2d63906a7d7f5770b3147c681557a264,evt_2d63906a7d7f5770,Josh Richardson,NBA,23.09,18.78,4,0.36,2.5200,3.8500,4.0700,1.5800
$500 NBA Daily 8/7,2020-08-07T23:19:48.827077,estk_2d63906a7d7f5770f95aa87cc77383be,evt_2d63906a7d7f5770,Markelle Fultz,NBA,17.25,19.79,8.75,0.36,2.4100,3.9600,3.9600,1.1100
$500 NBA Daily 8/7,2020-08-07T23:19:48.827084,estk_2d63906a7d7f57707d8f05cf2dd6dbea,evt_2d63906a7d7f5770,D.J. Augustin,NBA,19.57,16.27,3.75,0.36,2.0200,4.9000,3.5800,1.2400
$500 NBA Daily 8/7,2020-08-07T23:19:48.827088,estk_2d63906a7d7f57705684a141296027b3,evt_2d63906a7d7f5770,James Ennis,NBA,14.35,16.18,7,0.36,2.0000,3.3000,3.2900,
$500 NBA Daily 8/7,2020-08-07T23:19:48.827099,estk_2d63906a7d7f5770663b3162753394ed,evt_2d63906a7d7f5770,Terrence Ross,NBA,21.69,12.88,-1,0.36,1.4700,3.5400,3.5400,
$500 NBA Daily 8/7,2020-08-07T23:19:48.827103,estk_2d63906a7d7f577089a4b98163393691,evt_2d63906a7d7f5770,Raul Neto,NBA,15.81,10.12,0,0.36,1.3600,3.7000,3.1500,
$500 NBA Daily 8/7,2020-08-07T23:19:48.827106,estk_2d63906a7d7f577092bc30f31e413420,evt_2d63906a7d7f5770,Matisse Thybulle,NBA,11.92,9.63,2,0.36,1.3300,3.7000,3.0600,
$500 NBA Daily 8/7,2020-08-07T23:19:48.827110,estk_2d63906a7d7f57708b0372db86dba9af,evt_2d63906a7d7f5770,Furkan Korkmaz,NBA,14.71,9.41,0,0.36,1.3200,2.9900,2.9900,
$500 NBA Daily 8/7,2020-08-07T23:19:48.827114,estk_2d63906a7d7f5770fcc6299cf30b55e3,evt_2d63906a7d7f5770,Ben Simmons,NBA,0,0,0,0.36,1.0000,2.5200,2.5200,
$500 NBA Daily 8/7,2020-08-07T23:19:48.827122,estk_2d63906a7d7f57705a3d5db921064e90,evt_2d63906a7d7f5770,Michael Carter-Williams,NBA,0,0,0,0.36,1.0000,2.5200,2.5200,
$500 NBA Daily 8/7,2020-08-07T23:19:48.827126,estk_2d63906a7d7f577055086ea38656fe99,evt_2d63906a7d7f5770,Aaron Gordon,NBA,0,0,0,0.36,1.0000,2.5200,2.5200,
$500 NBA Daily 8/7,2020-08-07T23:23:51.266494,estk_2d63906a7d7f57707a763361bd2f9a08,evt_2d63906a7d7f5770,Joel Embiid,NBA,46.09,38.29,9.25,0.37,10.5600,11.2800,11.8900,8.9000
$500 NBA Daily 8/7,2020-08-07T23:23:51.266543,estk_2d63906a7d7f5770f6c7d554d2fa9f75,evt_2d63906a7d7f5770,Nikola Vucevic,NBA,37.67,35.48,11.75,0.37,8.8300,8.0300,10.5000,7.1600
$500 NBA Daily 8/7,2020-08-07T23:23:51.266551,estk_2d63906a7d7f577077c3d3d4d8ad15c5,evt_2d63906a7d7f5770,Tobias Harris,NBA,29.74,34.99,16.25,0.37,7.6600,5.5900,8.9800,6.0400
$500 NBA Daily 8/7,2020-08-07T23:23:51.266576,estk_2d63906a7d7f577063a58b55849249a4,evt_2d63906a7d7f5770,Al Horford,NBA,29.03,31.79,13.5,0.37,6.0600,5.3600,7.7100,4.5000
$500 NBA Daily 8/7,2020-08-07T23:23:51.266621,estk_2d63906a7d7f5770a1e25447b314f889,evt_2d63906a7d7f5770,Shake Milton,NBA,20.67,22.52,9.5,0.37,3.2300,5.1400,4.7800,2.3400
$500 NBA Daily 8/7,2020-08-07T23:23:51.266635,estk_2d63906a7d7f5770f95aa87cc77383be,evt_2d63906a7d7f5770,Markelle Fultz,NBA,17.25,19.62,8.75,0.37,2.5400,3.9600,3.9600,1.1100
$500 NBA Daily 8/7,2020-08-07T23:23:51.266642,estk_2d63906a7d7f577058d79b9f2662f624,evt_2d63906a7d7f5770,Evan Fournier,NBA,22.97,23.72,9.25,0.37,2.3900,5.6000,4.3900,1.5700
$500 NBA Daily 8/7,2020-08-07T23:23:51.266646,estk_2d63906a7d7f5770b3147c681557a264,evt_2d63906a7d7f5770,Josh Richardson,NBA,23.09,18.55,4,0.37,2.3300,4.0700,4.0700,1.4900
$500 NBA Daily 8/7,2020-08-07T23:23:51.266657,estk_2d63906a7d7f57707d8f05cf2dd6dbea,evt_2d63906a7d7f5770,D.J. Augustin,NBA,19.57,16.08,3.75,0.37,1.9200,4.9000,3.5800,1.0800
$500 NBA Daily 8/7,2020-08-07T23:23:51.266661,estk_2d63906a7d7f57705684a141296027b3,evt_2d63906a7d7f5770,James Ennis,NBA,14.35,16.04,7,0.37,1.9200,3.3000,3.2900,
$500 NBA Daily 8/7,2020-08-07T23:23:51.266668,estk_2d63906a7d7f5770663b3162753394ed,evt_2d63906a7d7f5770,Terrence Ross,NBA,21.69,12.66,-1,0.37,1.5200,3.5400,3.0000,
$500 NBA Daily 8/7,2020-08-07T23:23:51.266672,estk_2d63906a7d7f577089a4b98163393691,evt_2d63906a7d7f5770,Raul Neto,NBA,15.81,9.96,0,0.37,1.3100,3.7000,2.8400,
$500 NBA Daily 8/7,2020-08-07T23:23:51.266676,estk_2d63906a7d7f57708b0372db86dba9af,evt_2d63906a7d7f5770,Furkan Korkmaz,NBA,14.71,9.27,0,0.37,1.2800,2.9900,2.8500,
$500 NBA Daily 8/7,2020-08-07T23:23:51.266679,estk_2d63906a7d7f577092bc30f31e413420,evt_2d63906a7d7f5770,Matisse Thybulle,NBA,11.92,9.51,2,0.37,1.2800,3.7000,3.0600,
$500 NBA Daily 8/7,2020-08-07T23:23:51.266683,estk_2d63906a7d7f5770fcc6299cf30b55e3,evt_2d63906a7d7f5770,Ben Simmons,NBA,0,0,0,0.37,1.0000,2.5200,2.5200,
$500 NBA Daily 8/7,2020-08-07T23:23:51.266694,estk_2d63906a7d7f57705a3d5db921064e90,evt_2d63906a7d7f5770,Michael Carter-Williams,NBA,0,0,0,0.37,1.0000,2.5200,2.5200,
$500 NBA Daily 8/7,2020-08-07T23:23:51.266698,estk_2d63906a7d7f577055086ea38656fe99,evt_2d63906a7d7f5770,Aaron Gordon,NBA,0,0,0,0.37,1.0000,2.5200,2.5200,
$500 NBA Daily 8/7,2020-08-07T23:25:52.559405,estk_2d63906a7d7f57707a763361bd2f9a08,evt_2d63906a7d7f5770,Joel Embiid,NBA,46.09,37.83,9.25,0.38,10.2300,11.2800,11.8900,8.9000
$500 NBA Daily 8/7,2020-08-07T23:25:52.559417,estk_2d63906a7d7f5770f6c7d554d2fa9f75,evt_2d63906a7d7f5770,Nikola Vucevic,NBA,37.67,35.11,11.75,0.38,8.5000,8.0300,10.5000,7.1600
$500 NBA Daily 8/7,2020-08-07T23:25:52.559421,estk_2d63906a7d7f577077c3d3d4d8ad15c5,evt_2d63906a7d7f5770,Tobias Harris,NBA,29.74,37.94,19.5,0.38,8.2400,5.5900,9.9000,6.0400
$500 NBA Daily 8/7,2020-08-07T23:25:52.559446,estk_2d63906a7d7f577063a58b55849249a4,evt_2d63906a7d7f5770,Al Horford,NBA,29.03,31.5,13.5,0.38,6.6300,5.3600,8.0300,5.0000
$500 NBA Daily 8/7,2020-08-07T23:25:52.559493,estk_2d63906a7d7f577058d79b9f2662f624,evt_2d63906a7d7f5770,Evan Fournier,NBA,22.97,22.99,8.75,0.38,3.4600,5.6000,5.0300,1.8900
$500 NBA Daily 8/7,2020-08-07T23:25:52.559503,estk_2d63906a7d7f5770a1e25447b314f889,evt_2d63906a7d7f5770,Shake Milton,NBA,20.67,22.32,9.5,0.38,3.1200,5.1400,4.7800,2.0700
$500 NBA Daily 8/7,2020-08-07T23:25:52.559521,estk_2d63906a7d7f5770f95aa87cc77383be,evt_2d63906a7d7f5770,Markelle Fultz,NBA,17.25,19.45,8.75,0.38,2.4400,3.9600,3.9600,1.1100
$500 NBA Daily 8/7,2020-08-07T23:25:52.559529,estk_2d63906a7d7f5770b3147c681557a264,evt_2d63906a7d7f5770,Josh Richardson,NBA,23.09,20.32,6,0.38,2.2200,4.0700,3.7600,1.3800
$500 NBA Daily 8/7,2020-08-07T23:25:52.559536,estk_2d63906a7d7f57707d8f05cf2dd6dbea,evt_2d63906a7d7f5770,D.J. Augustin,NBA,19.57,15.88,3.75,0.38,1.8500,4.9000,3.5800,1.0600
$500 NBA Daily 8/7,2020-08-07T23:25:52.559539,estk_2d63906a7d7f57705684a141296027b3,evt_2d63906a7d7f5770,James Ennis,NBA,14.35,15.9,7,0.38,1.8500,3.3000,3.2900,
$500 NBA Daily 8/7,2020-08-07T23:25:52.559547,estk_2d63906a7d7f5770663b3162753394ed,evt_2d63906a7d7f5770,Terrence Ross,NBA,21.69,12.45,-1,0.38,1.4800,3.5400,3.0000,
$500 NBA Daily 8/7,2020-08-07T23:25:52.559551,estk_2d63906a7d7f577089a4b98163393691,evt_2d63906a7d7f5770,Raul Neto,NBA,15.81,9.8,0,0.38,1.2900,3.7000,2.8400,
$500 NBA Daily 8/7,2020-08-07T23:25:52.559554,estk_2d63906a7d7f577092bc30f31e413420,evt_2d63906a7d7f5770,Matisse Thybulle,NBA,11.92,9.39,2,0.38,1.2600,3.7000,2.7900,
$500 NBA Daily 8/7,2020-08-07T23:25:52.559558,estk_2d63906a7d7f57708b0372db86dba9af,evt_2d63906a7d7f5770,Furkan Korkmaz,NBA,14.71,8.62,-0.5,0.38,1.2500,2.9900,2.8500,
$500 NBA Daily 8/7,2020-08-07T23:25:52.559562,estk_2d63906a7d7f5770fcc6299cf30b55e3,evt_2d63906a7d7f5770,Ben Simmons,NBA,0,0,0,0.38,1.0000,2.5200,2.5200,
$500 NBA Daily 8/7,2020-08-07T23:25:52.559569,estk_2d63906a7d7f57705a3d5db921064e90,evt_2d63906a7d7f5770,Michael Carter-Williams,NBA,0,0,0,0.38,1.0000,2.5200,2.5200,
$500 NBA Daily 8/7,2020-08-07T23:25:52.559573,estk_2d63906a7d7f577055086ea38656fe99,evt_2d63906a7d7f5770,Aaron Gordon,NBA,0,0,0,0.38,1.0000,2.5200,2.5200,
$500 NBA Daily 8/7,2020-08-07T23:29:55.268449,estk_2d63906a7d7f577077c3d3d4d8ad15c5,evt_2d63906a7d7f5770,Tobias Harris,NBA,29.74,37.14,19,0.39,9.9300,5.5900,11.6200,8.2700
$500 NBA Daily 8/7,2020-08-07T23:29:55.268455,estk_2d63906a7d7f57707a763361bd2f9a08,evt_2d63906a7d7f5770,Joel Embiid,NBA,46.09,37.36,9.25,0.39,9.8500,11.2800,11.8900,8.4900
$500 NBA Daily 8/7,2020-08-07T23:29:55.268467,estk_2d63906a7d7f5770f6c7d554d2fa9f75,evt_2d63906a7d7f5770,Nikola Vucevic,NBA,37.67,34.23,11.25,0.39,8.2600,8.0300,9.9200,7.1600
$500 NBA Daily 8/7,2020-08-07T23:29:55.268495,estk_2d63906a7d7f577063a58b55849249a4,evt_2d63906a7d7f5770,Al Horford,NBA,29.03,30.71,13,0.39,6.4300,8.0300,8.0200,5.0000
$500 NBA Daily 8/7,2020-08-07T23:29:55.268537,estk_2d63906a7d7f577058d79b9f2662f624,evt_2d63906a7d7f5770,Evan Fournier,NBA,22.97,22.76,8.75,0.39,3.2100,5.6000,5.0300,1.8900
$500 NBA Daily 8/7,2020-08-07T23:29:55.268545,estk_2d63906a7d7f5770a1e25447b314f889,evt_2d63906a7d7f5770,Shake Milton,NBA,20.67,22.11,9.5,0.39,3.0300,5.1400,4.7800,2.0700
$500 NBA Daily 8/7,2020-08-07T23:29:55.268559,estk_2d63906a7d7f5770b3147c681557a264,evt_2d63906a7d7f5770,Josh Richardson,NBA,23.09,20.08,6,0.39,2.5400,3.7600,3.7600,1.3800
$500 NBA Daily 8/7,2020-08-07T23:29:55.268566,estk_2d63906a7d7f5770f95aa87cc77383be,evt_2d63906a7d7f5770,Markelle Fultz,NBA,17.25,22.52,12,0.39,2.3900,3.9600,3.9600,1.1100
$500 NBA Daily 8/7,2020-08-07T23:29:55.268577,estk_2d63906a7d7f57705684a141296027b3,evt_2d63906a7d7f5770,James Ennis,NBA,14.35,15.75,7,0.39,1.8000,3.3000,3.3000,
$500 NBA Daily 8/7,2020-08-07T23:29:55.268581,estk_2d63906a7d7f57707d8f05cf2dd6dbea,evt_2d63906a7d7f5770,D.J. Augustin,NBA,19.57,15.69,3.75,0.39,1.7900,4.9000,3.3500,
$500 NBA Daily 8/7,2020-08-07T23:29:55.268588,estk_2d63906a7d7f5770663b3162753394ed,evt_2d63906a7d7f5770,Terrence Ross,NBA,21.69,12.23,-1,0.39,1.4400,3.5400,3.0000,
$500 NBA Daily 8/7,2020-08-07T23:29:55.268592,estk_2d63906a7d7f577089a4b98163393691,evt_2d63906a7d7f5770,Raul Neto,NBA,15.81,9.64,0,0.39,1.2700,3.7000,2.8400,
$500 NBA Daily 8/7,2020-08-07T23:29:55.268595,estk_2d63906a7d7f577092bc30f31e413420,evt_2d63906a7d7f5770,Matisse Thybulle,NBA,11.92,9.27,2,0.39,1.2500,3.7000,2.7900,
$500 NBA Daily 8/7,2020-08-07T23:29:55.268599,estk_2d63906a7d7f57708b0372db86dba9af,evt_2d63906a7d7f5770,Furkan Korkmaz,NBA,14.71,8.47,-0.5,0.39,1.2100,2.7300,2.7300,
$500 NBA Daily 8/7,2020-08-07T23:29:55.268603,estk_2d63906a7d7f5770fcc6299cf30b55e3,evt_2d63906a7d7f5770,Ben Simmons,NBA,0,0,0,0.39,1.0000,2.5200,2.5200,
$500 NBA Daily 8/7,2020-08-07T23:29:55.268610,estk_2d63906a7d7f57705a3d5db921064e90,evt_2d63906a7d7f5770,Michael Carter-Williams,NBA,0,0,0,0.39,1.0000,2.5200,2.5200,
$500 NBA Daily 8/7,2020-08-07T23:29:55.268614,estk_2d63906a7d7f577055086ea38656fe99,evt_2d63906a7d7f5770,Aaron Gordon,NBA,0,0,0,0.39,1.0000,2.5200,2.5200,
$500 NBA Daily 8/7,2020-08-07T23:30:55.964475,estk_2d63906a7d7f577077c3d3d4d8ad15c5,evt_2d63906a7d7f5770,Tobias Harris,NBA,29.74,36.84,19,0.4,9.9300,5.5900,11.6200,8.2700
$500 NBA Daily 8/7,2020-08-07T23:30:55.964481,estk_2d63906a7d7f57707a763361bd2f9a08,evt_2d63906a7d7f5770,Joel Embiid,NBA,46.09,36.9,9.25,0.4,9.8500,11.2800,11.8900,8.4900
$500 NBA Daily 8/7,2020-08-07T23:30:55.964493,estk_2d63906a7d7f5770f6c7d554d2fa9f75,evt_2d63906a7d7f5770,Nikola Vucevic,NBA,37.67,35.1,12.5,0.4,8.2600,8.0300,9.9200,7.1600
$500 NBA Daily 8/7,2020-08-07T23:30:55.964520,estk_2d63906a7d7f577063a58b55849249a4,evt_2d63906a7d7f5770,Al Horford,NBA,29.03,30.42,13,0.4,6.4300,8.0300,8.0200,5.0000
$500 NBA Daily 8/7,2020-08-07T23:30:55.964562,estk_2d63906a7d7f577058d79b9f2662f624,evt_2d63906a7d7f5770,Evan Fournier,NBA,22.97,22.53,8.75,0.4,3.2100,5.6000,5.0300,1.8900
$500 NBA Daily 8/7,2020-08-07T23:30:55.964569,estk_2d63906a7d7f5770a1e25447b314f889,evt_2d63906a7d7f5770,Shake Milton,NBA,20.67,23.9,11.5,0.4,3.0300,5.1400,4.7800,2.0700
$500 NBA Daily 8/7,2020-08-07T23:30:55.964584,estk_2d63906a7d7f5770b3147c681557a264,evt_2d63906a7d7f5770,Josh Richardson,NBA,23.09,19.85,6,0.4,2.5400,3.7600,3.7600,1.3800
$500 NBA Daily 8/7,2020-08-07T23:30:55.964591,estk_2d63906a7d7f5770f95aa87cc77383be,evt_2d63906a7d7f5770,Markelle Fultz,NBA,17.25,22.35,12,0.4,2.3900,3.9600,3.9600,1.1100
$500 NBA Daily 8/7,2020-08-07T23:30:55.964602,estk_2d63906a7d7f57705684a141296027b3,evt_2d63906a7d7f5770,James Ennis,NBA,14.35,15.61,7,0.4,1.8000,3.3000,3.3000,
$500 NBA Daily 8/7,2020-08-07T23:30:55.964605,estk_2d63906a7d7f57707d8f05cf2dd6dbea,evt_2d63906a7d7f5770,D.J. Augustin,NBA,19.57,15.49,3.75,0.4,1.7900,4.9000,3.3500,
$500 NBA Daily 8/7,2020-08-07T23:30:55.964613,estk_2d63906a7d7f5770663b3162753394ed,evt_2d63906a7d7f5770,Terrence Ross,NBA,21.69,12.01,-1,0.4,1.4400,3.5400,3.0000,
