name,time,id,event_id,stock_name,sector,fantasy_points_projected,fantasy_points_projected_live,fantasy_points_scored,amount_completed,estimated_price,last_price,ask_price,bid_price
$50 NBA Daily 8/10,2020-08-10T14:23:03.624580,estk_f54967f88af877dd6cb399d24c249554,evt_f54967f88af877dd,Nikola Jokic,NBA,46.56,,,,14.4300,3.5700,,
$50 NBA Daily 8/10,2020-08-10T14:23:03.624609,estk_f54967f88af877dd12d0c14aa5dfd232,evt_f54967f88af877dd,Giannis Antetokounmpo,NBA,44.19,,,,13.0600,3.3200,,
$50 NBA Daily 8/10,2020-08-10T14:23:03.624614,estk_f54967f88af877dd9af7d442f918404f,evt_f54967f88af877dd,Anthony Davis,NBA,41.41,,,,11.7300,3.0200,,
$50 NBA Daily 8/10,2020-08-10T14:23:03.624652,estk_f54967f88af877dd7c131e7cfd4ca8ad,evt_f54967f88af877dd,Pascal Siakam,NBA,37.12,,,,9.5400,2.5600,,
$50 NBA Daily 8/10,2020-08-10T14:23:03.624657,estk_f54967f88af877ddcd439276c8d11f5d,evt_f54967f88af877dd,Fred VanVleet,NBA,35.85,,,,9.0200,2.4500,,
$50 NBA Daily 8/10,2020-08-10T14:23:03.624662,estk_f54967f88af877ddcc28fb3568e3a1d6,evt_f54967f88af877dd,Kyle Lowry,NBA,33.78,,,,8.0000,2.2600,,
$50 NBA Daily 8/10,2020-08-10T14:23:03.624666,estk_f54967f88af877dd7606efecc2a97236,evt_f54967f88af877dd,Bam Adebayo,NBA,31.86,,,,7.2400,2.0900,,
$50 NBA Daily 8/10,2020-08-10T14:23:03.624671,estk_f54967f88af877dd5a3e191272ee8dca,evt_f54967f88af877dd,Malcolm Brogdon,NBA,30.57,,,,6.6800,1.9800,,
$50 NBA Daily 8/10,2020-08-10T14:23:03.624675,estk_f54967f88af877ddf2604b3c6ec43ff2,evt_f54967f88af877dd,Khris Middleton,NBA,30.35,,,,6.5900,1.9700,,
$50 NBA Daily 8/10,2020-08-10T14:23:03.624680,estk_f54967f88af877ddea1a2c64334f4806,evt_f54967f88af877dd,Jimmy Butler,NBA,30.01,,,,6.5000,1.9500,,
$50 NBA Daily 8/10,2020-08-10T14:23:03.624684,estk_f54967f88af877dd93b3dc565aebb459,evt_f54967f88af877dd,Michael Porter,NBA,29.89,,,,6.4900,1.9200,,
$50 NBA Daily 8/10,2020-08-10T14:23:03.624688,estk_f54967f88af877ddb40c5173490adb44,evt_f54967f88af877dd,T.J. Warren,NBA,28.2,,,,5.8200,1.8000,,
$50 NBA Daily 8/10,2020-08-10T14:23:03.624692,estk_f54967f88af877dd9eac5cb53b05ad1f,evt_f54967f88af877dd,Myles Turner,NBA,27.29,,,,5.5600,1.7500,,
$50 NBA Daily 8/10,2020-08-10T14:23:03.624696,estk_f54967f88af877ddd846b1bc06a60007,evt_f54967f88af877dd,Marc Gasol,NBA,25.93,,,,5.0700,1.6600,,
$50 NBA Daily 8/10,2020-08-10T14:23:03.624700,estk_f54967f88af877dd04749763bd15faac,evt_f54967f88af877dd,Eric Bledsoe,NBA,25.21,,,,4.9000,1.6300,,
$50 NBA Daily 8/10,2020-08-10T14:23:03.624705,estk_f54967f88af877dd9c697d220453d606,evt_f54967f88af877dd,Goran Dragic,NBA,23.31,,,,4.3200,1.5500,,
$50 NBA Daily 8/10,2020-08-10T14:23:03.624709,estk_f54967f88af877dd9aaf7bc2e8816fac,evt_f54967f88af877dd,Victor Oladipo,NBA,23.34,,,,4.3100,1.5000,,
$50 NBA Daily 8/10,2020-08-10T14:23:03.624713,estk_f54967f88af877dd806121a64c461e99,evt_f54967f88af877dd,Brook Lopez,NBA,22.42,,,,4.1300,1.5200,,
$50 NBA Daily 8/10,2020-08-10T14:23:03.624718,estk_f54967f88af877ddbafbe32a6db92c15,evt_f54967f88af877dd,Aaron Holiday,NBA,22.51,,,,4.0700,1.5100,,
$50 NBA Daily 8/10,2020-08-10T14:23:03.624722,estk_f54967f88af877dd5cdd05960889fa04,evt_f54967f88af877dd,Serge Ibaka,NBA,22.24,,,,4.0300,1.5000,,
$50 NBA Daily 8/10,2020-08-10T14:23:03.624727,estk_f54967f88af877dd82db34a5ef5dff8e,evt_f54967f88af877dd,OG Anunoby,NBA,21.67,,,,3.9100,1.4100,,
$50 NBA Daily 8/10,2020-08-10T14:23:03.624731,estk_f54967f88af877dd917294b6d366ae0e,evt_f54967f88af877dd,Jae Crowder,NBA,21,,,,3.6900,1.4400,,
$50 NBA Daily 8/10,2020-08-10T14:23:03.624735,estk_f54967f88af877dd0483c685aa422392,evt_f54967f88af877dd,Kelly Olynyk,NBA,20.19,,,,3.5200,1.4200,,
$50 NBA Daily 8/10,2020-08-10T14:23:03.624739,estk_f54967f88af877dd9076cef21a11902c,evt_f54967f88af877dd,Donte DiVincenzo,NBA,19.66,,,,3.4400,1.4000,,
$50 NBA Daily 8/10,2020-08-10T14:23:03.624744,estk_f54967f88af877dd85a44053bbc1d56e,evt_f54967f88af877dd,Torrey Craig,NBA,19.58,,,,3.4000,1.4000,,
$50 NBA Daily 8/10,2020-08-10T14:23:03.624747,estk_f54967f88af877dd38c0f853b03a1530,evt_f54967f88af877dd,Monte Morris,NBA,19.78,,,,3.3600,1.4000,,
$50 NBA Daily 8/10,2020-08-10T14:23:03.624752,estk_f54967f88af877ddebfb1a44ae619e2e,evt_f54967f88af877dd,Kyle Kuzma,NBA,19.35,,,,3.3100,1.3800,,
$50 NBA Daily 8/10,2020-08-10T14:23:03.624755,estk_f54967f88af877dd5f7238ac84504d30,evt_f54967f88af877dd,Jerami Grant,NBA,18.4,,,,3.1300,1.3500,,
$50 NBA Daily 8/10,2020-08-10T14:23:03.624759,estk_f54967f88af877ddd4dffde4be5e9336,evt_f54967f88af877dd,Jamal Murray,NBA,18.05,,,,3.0800,1.3400,,
$50 NBA Daily 8/10,2020-08-10T14:23:03.624764,estk_f54967f88af877dd6de03cb5c6424ccc,evt_f54967f88af877dd,Norman Powell,NBA,17.66,,,,2.9800,1.3300,,
$50 NBA Daily 8/10,2020-08-10T14:23:03.624768,estk_f54967f88af877dd285e01337ca27864,evt_f54967f88af877dd,Justin Holiday,NBA,17.31,,,,2.9000,1.3100,,
$50 NBA Daily 8/10,2020-08-10T14:23:03.624772,estk_f54967f88af877dda8ff2d0160121c76,evt_f54967f88af877dd,Dwight Howard,NBA,16.75,,,,2.8400,1.3100,,
$50 NBA Daily 8/10,2020-08-10T14:23:03.624776,estk_f54967f88af877dd42bc562558c2576c,evt_f54967f88af877dd,Duncan Robinson,NBA,16.86,,,,2.8300,1.3200,,
$50 NBA Daily 8/10,2020-08-10T14:23:03.624780,estk_f54967f88af877dd828daf68b6f4025d,evt_f54967f88af877dd,George Hill,NBA,16.93,,,,2.8200,1.3000,,
$50 NBA Daily 8/10,2020-08-10T14:23:03.624785,estk_f54967f88af877ddcc5df41068f20fef,evt_f54967f88af877dd,Alex Caruso,NBA,16.34,,,,2.7700,1.2200,,
$50 NBA Daily 8/10,2020-08-10T14:23:03.624789,estk_f54967f88af877dd8097f00ce37705fe,evt_f54967f88af877dd,Marvin Williams,NBA,15.95,,,,2.7000,1.2700,,
$50 NBA Daily 8/10,2020-08-10T14:23:03.624794,estk_f54967f88af877dd1fb136f015ee25f6,evt_f54967f88af877dd,Tyler Herro,NBA,15.41,,,,2.5900,1.2600,,
$50 NBA Daily 8/10,2020-08-10T14:23:03.624798,estk_f54967f88af877ddf16014e0a040fe5b,evt_f54967f88af877dd,Wesley Matthews,NBA,15.16,,,,2.5500,1.2500,,
$50 NBA Daily 8/10,2020-08-10T14:23:03.624804,estk_f54967f88af877dd60935204130384bb,evt_f54967f88af877dd,Mason Plumlee,NBA,14.96,,,,2.5400,1.2500,,
$50 NBA Daily 8/10,2020-08-10T14:23:03.624808,estk_f54967f88af877ddc7f79998d02ebada,evt_f54967f88af877dd,Danny Green,NBA,14.52,,,,2.4300,1.2400,,
$50 NBA Daily 8/10,2020-08-10T14:23:03.624812,estk_f54967f88af877ddb349a48e189ba3d0,evt_f54967f88af877dd,Pat Connaughton,NBA,13.85,,,,2.3400,1.2500,,
$50 NBA Daily 8/10,2020-08-10T14:23:03.624816,estk_f54967f88af877ddc3a200d16d9a3fa2,evt_f54967f88af877dd,JaVale McGee,NBA,13.6,,,,2.2900,1.2400,,
$50 NBA Daily 8/10,2020-08-10T14:23:03.624820,estk_f54967f88af877dd509298b2fe7937b1,evt_f54967f88af877dd,Dion Waiters,NBA,13.69,,,,2.2800,1.2400,,
$50 NBA Daily 8/10,2020-08-10T14:23:03.624824,estk_f54967f88af877dd35ed64706e8d26f8,evt_f54967f88af877dd,JaKarr Sampson,NBA,13.1,,,,2.2200,1.2100,,
$50 NBA Daily 8/10,2020-08-10T14:23:03.624828,estk_f54967f88af877dd81cf003a81460da1,evt_f54967f88af877dd,Markieff Morris,NBA,5.84,,,,1.4900,1.0800,,
$50 NBA Daily 8/10,2020-08-10T14:23:03.624832,estk_f54967f88af877ddac0dc8b95f28dcf7,evt_f54967f88af877dd,Bol Bol,NBA,3.61,,,,1.3800,1.0400,,
$50 NBA Daily 8/10,2020-08-10T14:23:03.624836,estk_f54967f88af877ddf2b631af853210c3,evt_f54967f88af877dd,Kentavious Caldwell-Pope,NBA,0,,,,1.0000,1.0000,,
$50 NBA Daily 8/10,2020-08-10T14:23:03.624841,estk_f54967f88af877dd8a71a91ff40db789,evt_f54967f88af877dd,Kendrick Nunn,NBA,0,,,,1.0000,1.0000,,
$50 NBA Daily 8/10,2020-08-10T20:58:41.401541,estk_f54967f88af877dd6cb399d24c249554,evt_f54967f88af877dd,Nikola Jokic,NBA,46.56,46.56,0,0,15.7000,14.4500,17.5100,
$50 NBA Daily 8/10,2020-08-10T20:58:41.401570,estk_f54967f88af877dd9af7d442f918404f,evt_f54967f88af877dd,Anthony Davis,NBA,41.41,41.41,0,0,12.6400,11.8200,14.3900,
$50 NBA Daily 8/10,2020-08-10T20:58:41.401576,estk_f54967f88af877dd7c131e7cfd4ca8ad,evt_f54967f88af877dd,Pascal Siakam,NBA,36.09,36.09,0,0,9.5900,9.2200,11.2800,
$50 NBA Daily 8/10,2020-08-10T20:58:41.401581,estk_f54967f88af877ddcc28fb3568e3a1d6,evt_f54967f88af877dd,Kyle Lowry,NBA,34.74,34.74,0,0,8.9700,8.5600,10.6500,
$50 NBA Daily 8/10,2020-08-10T20:58:41.401585,estk_f54967f88af877ddcd439276c8d11f5d,evt_f54967f88af877dd,Fred VanVleet,NBA,33.91,33.91,0,0,8.5900,8.1800,10.2600,
$50 NBA Daily 8/10,2020-08-10T20:58:41.401589,estk_f54967f88af877ddf2604b3c6ec43ff2,evt_f54967f88af877dd,Khris Middleton,NBA,33.4,33.4,0,0,8.3400,7.9700,10.0100,
$50 NBA Daily 8/10,2020-08-10T20:58:41.401593,estk_f54967f88af877dd93b3dc565aebb459,evt_f54967f88af877dd,Michael Porter,NBA,32.7,32.7,0,0,8.0100,7.6400,9.6700,
$50 NBA Daily 8/10,2020-08-10T20:58:41.401598,estk_f54967f88af877dd5a3e191272ee8dca,evt_f54967f88af877dd,Malcolm Brogdon,NBA,32.41,32.41,0,0,7.8200,7.5000,9.4800,
$50 NBA Daily 8/10,2020-08-10T20:58:41.401602,estk_f54967f88af877ddea1a2c64334f4806,evt_f54967f88af877dd,Jimmy Butler,NBA,30.95,30.95,0,0,7.2500,6.9000,8.9000,
$50 NBA Daily 8/10,2020-08-10T20:58:41.401606,estk_f54967f88af877dd7606efecc2a97236,evt_f54967f88af877dd,Bam Adebayo,NBA,30.87,30.87,0,0,7.2500,6.8900,8.9000,
$50 NBA Daily 8/10,2020-08-10T20:58:41.401610,estk_f54967f88af877ddd4dffde4be5e9336,evt_f54967f88af877dd,Jamal Murray,NBA,30.7,30.7,0,0,7.1200,6.7800,8.7600,
$50 NBA Daily 8/10,2020-08-10T20:58:41.401614,estk_f54967f88af877dd04749763bd15faac,evt_f54967f88af877dd,Eric Bledsoe,NBA,29.23,29.23,0,0,6.5600,6.2500,8.1900,
$50 NBA Daily 8/10,2020-08-10T20:58:41.401618,estk_f54967f88af877ddb40c5173490adb44,evt_f54967f88af877dd,T.J. Warren,NBA,28.2,28.2,0,0,6.1300,5.8400,7.7500,
$50 NBA Daily 8/10,2020-08-10T20:58:41.401622,estk_f54967f88af877dd806121a64c461e99,evt_f54967f88af877dd,Brook Lopez,NBA,27.4,27.4,0,0,5.8200,5.5700,7.4400,
$50 NBA Daily 8/10,2020-08-10T20:58:41.401626,estk_f54967f88af877dd9eac5cb53b05ad1f,evt_f54967f88af877dd,Myles Turner,NBA,26.43,26.43,0,0,5.4700,5.2100,7.0800,
$50 NBA Daily 8/10,2020-08-10T20:58:41.401629,estk_f54967f88af877ddbafbe32a6db92c15,evt_f54967f88af877dd,Aaron Holiday,NBA,24.84,24.84,0,0,4.9100,4.7100,6.5100,
$50 NBA Daily 8/10,2020-08-10T20:58:41.401633,estk_f54967f88af877dd9aaf7bc2e8816fac,evt_f54967f88af877dd,Victor Oladipo,NBA,24.09,24.09,0,0,4.6600,4.5100,6.2500,
$50 NBA Daily 8/10,2020-08-10T20:58:41.401637,estk_f54967f88af877dd9c697d220453d606,evt_f54967f88af877dd,Goran Dragic,NBA,23.31,23.31,0,0,4.4000,4.2900,5.9900,
$50 NBA Daily 8/10,2020-08-10T20:58:41.401641,estk_f54967f88af877ddd846b1bc06a60007,evt_f54967f88af877dd,Marc Gasol,NBA,22.82,22.82,0,0,4.2100,4.1600,5.7900,
$50 NBA Daily 8/10,2020-08-10T20:58:41.401645,estk_f54967f88af877dd0483c685aa422392,evt_f54967f88af877dd,Kelly Olynyk,NBA,22.63,22.63,0,0,4.1800,4.1200,5.7600,
$50 NBA Daily 8/10,2020-08-10T20:58:41.401649,estk_f54967f88af877dd82db34a5ef5dff8e,evt_f54967f88af877dd,OG Anunoby,NBA,20.99,20.99,0,0,3.7800,3.7600,5.3600,
$50 NBA Daily 8/10,2020-08-10T20:58:41.401653,estk_f54967f88af877dd38c0f853b03a1530,evt_f54967f88af877dd,Monte Morris,NBA,20.51,20.51,0,0,3.6800,3.6900,5.2500,
$50 NBA Daily 8/10,2020-08-10T20:58:41.401657,estk_f54967f88af877dd6de03cb5c6424ccc,evt_f54967f88af877dd,Norman Powell,NBA,19.77,19.77,0,0,3.4700,3.5500,5.0400,
$50 NBA Daily 8/10,2020-08-10T20:58:41.401661,estk_f54967f88af877dda8ff2d0160121c76,evt_f54967f88af877dd,Dwight Howard,NBA,19.72,19.72,0,0,3.3900,3.5000,4.9600,
$50 NBA Daily 8/10,2020-08-10T20:58:41.401665,estk_f54967f88af877dd85a44053bbc1d56e,evt_f54967f88af877dd,Torrey Craig,NBA,18.98,18.98,0,0,3.2600,3.3700,4.8300,
$50 NBA Daily 8/10,2020-08-10T20:58:41.401669,estk_f54967f88af877dd8097f00ce37705fe,evt_f54967f88af877dd,Marvin Williams,NBA,18.86,18.86,0,0,3.2500,3.3600,4.8200,
$50 NBA Daily 8/10,2020-08-10T20:58:41.401673,estk_f54967f88af877dd828daf68b6f4025d,evt_f54967f88af877dd,George Hill,NBA,18.63,18.63,0,0,3.1800,3.3100,4.7400,
$50 NBA Daily 8/10,2020-08-10T20:58:41.401677,estk_f54967f88af877ddcc5df41068f20fef,evt_f54967f88af877dd,Alex Caruso,NBA,18.56,18.56,0,0,3.1600,3.2900,4.7200,
$50 NBA Daily 8/10,2020-08-10T20:58:41.401681,estk_f54967f88af877ddebfb1a44ae619e2e,evt_f54967f88af877dd,Kyle Kuzma,NBA,18.64,18.64,0,0,3.1500,3.3100,4.7100,
$50 NBA Daily 8/10,2020-08-10T20:58:41.401684,estk_f54967f88af877dd917294b6d366ae0e,evt_f54967f88af877dd,Jae Crowder,NBA,18.19,18.19,0,0,3.0800,3.2400,4.6400,
$50 NBA Daily 8/10,2020-08-10T20:58:41.401688,estk_f54967f88af877dd9076cef21a11902c,evt_f54967f88af877dd,Donte DiVincenzo,NBA,17.94,17.94,0,0,3.0100,3.1800,4.5700,
$50 NBA Daily 8/10,2020-08-10T20:58:41.401692,estk_f54967f88af877dd60935204130384bb,evt_f54967f88af877dd,Mason Plumlee,NBA,16.95,16.95,0,0,2.8500,3.0400,4.4100,
$50 NBA Daily 8/10,2020-08-10T20:58:41.401696,estk_f54967f88af877ddb349a48e189ba3d0,evt_f54967f88af877dd,Pat Connaughton,NBA,16.92,16.92,0,0,2.8300,3.0000,4.3900,
$50 NBA Daily 8/10,2020-08-10T20:58:41.401700,estk_f54967f88af877dd42bc562558c2576c,evt_f54967f88af877dd,Duncan Robinson,NBA,16.86,16.86,0,0,2.8200,3.0000,4.3800,
$50 NBA Daily 8/10,2020-08-10T20:58:41.401704,estk_f54967f88af877ddf16014e0a040fe5b,evt_f54967f88af877dd,Wesley Matthews,NBA,15.77,15.77,0,0,2.5900,2.8300,4.1400,
$50 NBA Daily 8/10,2020-08-10T20:58:41.401708,estk_f54967f88af877ddc7f79998d02ebada,evt_f54967f88af877dd,Danny Green,NBA,15.13,15.13,0,0,2.4700,2.7200,4.0200,
$50 NBA Daily 8/10,2020-08-10T20:58:41.401712,estk_f54967f88af877dd509298b2fe7937b1,evt_f54967f88af877dd,Dion Waiters,NBA,14.3,14.3,0,0,2.3300,2.6000,3.8800,
$50 NBA Daily 8/10,2020-08-10T20:58:41.401716,estk_f54967f88af877dd1fb136f015ee25f6,evt_f54967f88af877dd,Tyler Herro,NBA,14.18,14.18,0,0,2.3300,2.5800,3.8800,
$50 NBA Daily 8/10,2020-08-10T20:58:41.401720,estk_f54967f88af877ddc3a200d16d9a3fa2,evt_f54967f88af877dd,JaVale McGee,NBA,13.6,13.6,0,0,2.2500,2.5300,3.8000,
$50 NBA Daily 8/10,2020-08-10T20:58:41.401723,estk_f54967f88af877dd285e01337ca27864,evt_f54967f88af877dd,Justin Holiday,NBA,12.69,12.69,0,0,2.1300,2.4000,3.6700,
$50 NBA Daily 8/10,2020-08-10T20:58:41.401727,estk_f54967f88af877dd35ed64706e8d26f8,evt_f54967f88af877dd,JaKarr Sampson,NBA,10.65,10.65,0,0,1.8500,2.1400,3.3900,
$50 NBA Daily 8/10,2020-08-10T20:58:41.401731,estk_f54967f88af877dd81cf003a81460da1,evt_f54967f88af877dd,Markieff Morris,NBA,5.84,5.84,0,0,1.4400,1.7000,2.9700,
$50 NBA Daily 8/10,2020-08-10T20:58:41.401735,estk_f54967f88af877ddac0dc8b95f28dcf7,evt_f54967f88af877dd,Bol Bol,NBA,3.61,3.61,0,0,1.3100,1.5400,2.8400,
$50 NBA Daily 8/10,2020-08-10T20:58:41.401739,estk_f54967f88af877dd5f7238ac84504d30,evt_f54967f88af877dd,Jerami Grant,NBA,0,0,0,0,1.0000,2.6000,2.5200,
$50 NBA Daily 8/10,2020-08-10T20:58:41.401743,estk_f54967f88af877dd5cdd05960889fa04,evt_f54967f88af877dd,Serge Ibaka,NBA,0,0,0,0,1.0000,3.0100,2.5200,
$50 NBA Daily 8/10,2020-08-10T20:58:41.401747,estk_f54967f88af877ddf2b631af853210c3,evt_f54967f88af877dd,Kentavious Caldwell-Pope,NBA,0,0,0,0,1.0000,1.0000,2.5200,
$50 NBA Daily 8/10,2020-08-10T20:58:41.401751,estk_f54967f88af877dd12d0c14aa5dfd232,evt_f54967f88af877dd,Giannis Antetokounmpo,NBA,0,0,0,0,1.0000,9.8200,2.5200,
$50 NBA Daily 8/10,2020-08-10T20:58:41.401756,estk_f54967f88af877dd8a71a91ff40db789,evt_f54967f88af877dd,Kendrick Nunn,NBA,0,0,0,0,1.0000,1.0000,2.5200,
$50 NBA Daily 8/10,2020-08-10T22:47:29.330800,estk_f54967f88af877dd7c131e7cfd4ca8ad,evt_f54967f88af877dd,Pascal Siakam,NBA,37.12,36.75,0,0.01,10.6500,9.2200,12.3800,
$50 NBA Daily 8/10,2020-08-10T22:47:29.330806,estk_f54967f88af877ddf2604b3c6ec43ff2,evt_f54967f88af877dd,Khris Middleton,NBA,33.4,33.07,0,0.01,8.7100,7.9700,10.4000,
$50 NBA Daily 8/10,2020-08-10T22:47:29.330830,estk_f54967f88af877ddd846b1bc06a60007,evt_f54967f88af877dd,Marc Gasol,NBA,29.05,30.26,1.5,0.01,6.8700,4.1600,8.4800,
$50 NBA Daily 8/10,2020-08-10T22:47:29.330834,estk_f54967f88af877dd04749763bd15faac,evt_f54967f88af877dd,Eric Bledsoe,NBA,29.23,28.94,0,0.01,6.8400,6.2500,8.4900,
$50 NBA Daily 8/10,2020-08-10T22:47:29.330842,estk_f54967f88af877dd806121a64c461e99,evt_f54967f88af877dd,Brook Lopez,NBA,27.4,27.13,0,0.01,6.1600,5.5700,7.7800,
$50 NBA Daily 8/10,2020-08-10T22:47:29.330858,estk_f54967f88af877dd6de03cb5c6424ccc,evt_f54967f88af877dd,Norman Powell,NBA,24.01,23.77,0,0.01,4.8600,3.5500,6.4800,
$50 NBA Daily 8/10,2020-08-10T22:47:29.330862,estk_f54967f88af877dd82db34a5ef5dff8e,evt_f54967f88af877dd,OG Anunoby,NBA,23.69,23.45,0,0.01,4.7700,3.7600,6.4100,
$50 NBA Daily 8/10,2020-08-10T22:47:29.330885,estk_f54967f88af877dd8097f00ce37705fe,evt_f54967f88af877dd,Marvin Williams,NBA,18.86,18.67,0,0.01,3.4300,3.3600,5.0000,
$50 NBA Daily 8/10,2020-08-10T22:47:29.330892,estk_f54967f88af877dd828daf68b6f4025d,evt_f54967f88af877dd,George Hill,NBA,18.63,18.44,0,0.01,3.3900,3.3100,4.9700,
$50 NBA Daily 8/10,2020-08-10T22:47:29.330904,estk_f54967f88af877dd9076cef21a11902c,evt_f54967f88af877dd,Donte DiVincenzo,NBA,17.94,17.76,0,0.01,3.2900,3.1800,4.7400,
$50 NBA Daily 8/10,2020-08-10T22:47:29.330911,estk_f54967f88af877ddb349a48e189ba3d0,evt_f54967f88af877dd,Pat Connaughton,NBA,16.92,16.75,0,0.01,3.0300,3.0000,4.9400,
$50 NBA Daily 8/10,2020-08-10T22:47:29.330918,estk_f54967f88af877ddf16014e0a040fe5b,evt_f54967f88af877dd,Wesley Matthews,NBA,15.77,15.61,0,0.01,2.7900,2.8300,4.3600,
$50 NBA Daily 8/10,2020-08-10T22:47:29.330954,estk_f54967f88af877ddcc28fb3568e3a1d6,evt_f54967f88af877dd,Kyle Lowry,NBA,0,0,0,0.01,1.0000,8.5600,2.5200,
$50 NBA Daily 8/10,2020-08-10T22:47:29.330957,estk_f54967f88af877dd5cdd05960889fa04,evt_f54967f88af877dd,Serge Ibaka,NBA,0,0,0,0.01,1.0000,3.0100,2.5200,
$50 NBA Daily 8/10,2020-08-10T22:47:29.330961,estk_f54967f88af877ddcd439276c8d11f5d,evt_f54967f88af877dd,Fred VanVleet,NBA,0,0,0,0.01,1.0000,8.1800,2.5200,
$50 NBA Daily 8/10,2020-08-10T22:47:29.330969,estk_f54967f88af877dd12d0c14aa5dfd232,evt_f54967f88af877dd,Giannis Antetokounmpo,NBA,0,0,0,0.01,1.0000,9.8200,2.5200,
$50 NBA Daily 8/10,2020-08-10T22:49:30.698195,estk_f54967f88af877dd7c131e7cfd4ca8ad,evt_f54967f88af877dd,Pascal Siakam,NBA,37.12,36.38,0,0.02,10.4700,9.2200,12.3800,8.7600
$50 NBA Daily 8/10,2020-08-10T22:49:30.698201,estk_f54967f88af877ddf2604b3c6ec43ff2,evt_f54967f88af877dd,Khris Middleton,NBA,33.4,32.73,0,0.02,8.6400,7.9700,10.4000,5.8700
$50 NBA Daily 8/10,2020-08-10T22:49:30.698225,estk_f54967f88af877ddd846b1bc06a60007,evt_f54967f88af877dd,Marc Gasol,NBA,29.05,29.47,1,0.02,7.2600,4.1600,8.4800,5.6100
$50 NBA Daily 8/10,2020-08-10T22:49:30.698229,estk_f54967f88af877dd04749763bd15faac,evt_f54967f88af877dd,Eric Bledsoe,NBA,29.23,28.15,-0.5,0.02,6.7100,6.2500,8.4900,
$50 NBA Daily 8/10,2020-08-10T22:49:30.698236,estk_f54967f88af877dd806121a64c461e99,evt_f54967f88af877dd,Brook Lopez,NBA,27.4,26.85,0,0.02,5.9800,5.5700,7.7800,4.3600
$50 NBA Daily 8/10,2020-08-10T22:49:30.698251,estk_f54967f88af877dd6de03cb5c6424ccc,evt_f54967f88af877dd,Norman Powell,NBA,24.01,24.78,1.25,0.02,4.8900,3.5500,6.4800,3.2900
$50 NBA Daily 8/10,2020-08-10T22:49:30.698259,estk_f54967f88af877dd82db34a5ef5dff8e,evt_f54967f88af877dd,OG Anunoby,NBA,23.69,26.47,3.25,0.02,4.6900,3.7600,6.4100,3.1000
$50 NBA Daily 8/10,2020-08-10T22:49:30.698277,estk_f54967f88af877dd8097f00ce37705fe,evt_f54967f88af877dd,Marvin Williams,NBA,18.86,18.48,0,0.02,3.4800,5.0000,5.0000,3.2900
$50 NBA Daily 8/10,2020-08-10T22:49:30.698285,estk_f54967f88af877dd828daf68b6f4025d,evt_f54967f88af877dd,George Hill,NBA,18.63,18.26,0,0.02,3.3800,4.9700,4.9700,4.8300
$50 NBA Daily 8/10,2020-08-10T22:49:30.698296,estk_f54967f88af877dd9076cef21a11902c,evt_f54967f88af877dd,Donte DiVincenzo,NBA,17.94,17.58,0,0.02,3.2100,3.1800,4.7400,4.1600
$50 NBA Daily 8/10,2020-08-10T22:49:30.698307,estk_f54967f88af877ddb349a48e189ba3d0,evt_f54967f88af877dd,Pat Connaughton,NBA,16.92,16.58,0,0.02,2.9900,3.0000,4.9400,1.4300
$50 NBA Daily 8/10,2020-08-10T22:49:30.698311,estk_f54967f88af877ddf16014e0a040fe5b,evt_f54967f88af877dd,Wesley Matthews,NBA,15.77,14.95,-0.5,0.02,2.7500,2.8300,4.3600,2.0800
$50 NBA Daily 8/10,2020-08-10T22:49:30.698346,estk_f54967f88af877ddcc28fb3568e3a1d6,evt_f54967f88af877dd,Kyle Lowry,NBA,0,0,0,0.02,1.0000,8.5600,2.5200,1.4300
$50 NBA Daily 8/10,2020-08-10T22:49:30.698350,estk_f54967f88af877dd5cdd05960889fa04,evt_f54967f88af877dd,Serge Ibaka,NBA,0,0,0,0.02,1.0000,2.5200,2.5200,
$50 NBA Daily 8/10,2020-08-10T22:49:30.698353,estk_f54967f88af877ddcd439276c8d11f5d,evt_f54967f88af877dd,Fred VanVleet,NBA,0,0,0,0.02,1.0000,2.5200,2.5200,1.9100
$50 NBA Daily 8/10,2020-08-10T22:49:30.698361,estk_f54967f88af877dd12d0c14aa5dfd232,evt_f54967f88af877dd,Giannis Antetokounmpo,NBA,0,0,0,0.02,1.0000,2.5200,2.5200,2.2900
$50 NBA Daily 8/10,2020-08-10T22:50:31.434189,estk_f54967f88af877dd7c131e7cfd4ca8ad,evt_f54967f88af877dd,Pascal Siakam,NBA,37.12,35.14,-0.5,0.04,10.4700,9.2200,12.3800,8.7600
$50 NBA Daily 8/10,2020-08-10T22:50:31.434194,estk_f54967f88af877ddf2604b3c6ec43ff2,evt_f54967f88af877dd,Khris Middleton,NBA,33.4,32.31,0.25,0.04,8.6400,7.9700,10.4000,6.9700
$50 NBA Daily 8/10,2020-08-10T22:50:31.434217,estk_f54967f88af877ddd846b1bc06a60007,evt_f54967f88af877dd,Marc Gasol,NBA,29.05,28.89,1,0.04,7.2600,4.1600,8.4800,5.6100
$50 NBA Daily 8/10,2020-08-10T22:50:31.434221,estk_f54967f88af877dd04749763bd15faac,evt_f54967f88af877dd,Eric Bledsoe,NBA,29.23,27.56,-0.5,0.04,6.7100,6.2500,8.4900,5.0800
$50 NBA Daily 8/10,2020-08-10T22:50:31.434229,estk_f54967f88af877dd806121a64c461e99,evt_f54967f88af877dd,Brook Lopez,NBA,27.4,26.3,0,0.04,5.9800,5.5700,7.7800,4.3600
$50 NBA Daily 8/10,2020-08-10T22:50:31.434244,estk_f54967f88af877dd6de03cb5c6424ccc,evt_f54967f88af877dd,Norman Powell,NBA,24.01,25.55,2.5,0.04,4.8900,3.5500,6.4800,3.2900
$50 NBA Daily 8/10,2020-08-10T22:50:31.434251,estk_f54967f88af877dd82db34a5ef5dff8e,evt_f54967f88af877dd,OG Anunoby,NBA,23.69,25.49,2.75,0.04,4.6900,3.7600,6.4100,3.1000
$50 NBA Daily 8/10,2020-08-10T22:50:31.434269,estk_f54967f88af877dd8097f00ce37705fe,evt_f54967f88af877dd,Marvin Williams,NBA,18.86,18.11,0,0.04,3.4800,5.0000,5.0000,1.9400
$50 NBA Daily 8/10,2020-08-10T22:50:31.434277,estk_f54967f88af877dd828daf68b6f4025d,evt_f54967f88af877dd,George Hill,NBA,18.63,17.88,0,0.04,3.3800,4.9700,4.9500,1.8300
$50 NBA Daily 8/10,2020-08-10T22:50:31.434288,estk_f54967f88af877dd9076cef21a11902c,evt_f54967f88af877dd,Donte DiVincenzo,NBA,17.94,17.22,0,0.04,3.2100,3.1800,4.7400,1.6500
$50 NBA Daily 8/10,2020-08-10T22:50:31.434299,estk_f54967f88af877ddb349a48e189ba3d0,evt_f54967f88af877dd,Pat Connaughton,NBA,16.92,20.74,4.5,0.04,2.9900,3.0000,4.9400,1.4300
$50 NBA Daily 8/10,2020-08-10T22:50:31.434303,estk_f54967f88af877ddf16014e0a040fe5b,evt_f54967f88af877dd,Wesley Matthews,NBA,15.77,14.64,-0.5,0.04,2.7500,2.8300,4.3600,1.2000
$50 NBA Daily 8/10,2020-08-10T22:50:31.434338,estk_f54967f88af877ddcc28fb3568e3a1d6,evt_f54967f88af877dd,Kyle Lowry,NBA,0,0,0,0.04,1.0000,8.5600,2.5200,
$50 NBA Daily 8/10,2020-08-10T22:50:31.434342,estk_f54967f88af877dd5cdd05960889fa04,evt_f54967f88af877dd,Serge Ibaka,NBA,0,0,0,0.04,1.0000,2.5200,2.5200,
$50 NBA Daily 8/10,2020-08-10T22:50:31.434346,estk_f54967f88af877ddcd439276c8d11f5d,evt_f54967f88af877dd,Fred VanVleet,NBA,0,0,0,0.04,1.0000,2.5200,2.5200,
$50 NBA Daily 8/10,2020-08-10T22:50:31.434353,estk_f54967f88af877dd12d0c14aa5dfd232,evt_f54967f88af877dd,Giannis Antetokounmpo,NBA,0,0,0,0.04,1.0000,2.5200,2.5200,
$50 NBA Daily 8/10,2020-08-10T22:51:32.166442,estk_f54967f88af877dd7c131e7cfd4ca8ad,evt_f54967f88af877dd,Pascal Siakam,NBA,37.12,34.76,-0.5,0.05,9.6500,9.2200,11.3400,8.0500
$50 NBA Daily 8/10,2020-08-10T22:51:32.166455,estk_f54967f88af877ddf2604b3c6ec43ff2,evt_f54967f88af877dd,Khris Middleton,NBA,33.4,31.98,0.25,0.05,8.3100,7.9700,9.9800,6.9700
$50 NBA Daily 8/10,2020-08-10T22:51:32.166471,estk_f54967f88af877ddd846b1bc06a60007,evt_f54967f88af877dd,Marc Gasol,NBA,29.05,28.1,0.5,0.05,6.7400,4.1600,8.4800,5.6100
$50 NBA Daily 8/10,2020-08-10T22:51:32.166479,estk_f54967f88af877dd04749763bd15faac,evt_f54967f88af877dd,Eric Bledsoe,NBA,29.23,27.27,-0.5,0.05,6.2200,6.2500,7.8100,5.0800
$50 NBA Daily 8/10,2020-08-10T22:51:32.166486,estk_f54967f88af877dd806121a64c461e99,evt_f54967f88af877dd,Brook Lopez,NBA,27.4,26.03,0,0.05,5.7400,5.5700,7.7800,4.3600
$50 NBA Daily 8/10,2020-08-10T22:51:32.166490,estk_f54967f88af877dd6de03cb5c6424ccc,evt_f54967f88af877dd,Norman Powell,NBA,24.01,25.31,2.5,0.05,5.4500,3.5500,7.0600,3.8400
$50 NBA Daily 8/10,2020-08-10T22:51:32.166494,estk_f54967f88af877dd82db34a5ef5dff8e,evt_f54967f88af877dd,OG Anunoby,NBA,23.69,25.26,2.75,0.05,5.3900,3.7600,7.0000,3.7800
$50 NBA Daily 8/10,2020-08-10T22:51:32.166513,estk_f54967f88af877ddb349a48e189ba3d0,evt_f54967f88af877dd,Pat Connaughton,NBA,16.92,20.57,4.5,0.05,3.9100,3.0000,5.4600,2.3300
$50 NBA Daily 8/10,2020-08-10T22:51:32.166541,estk_f54967f88af877dd8097f00ce37705fe,evt_f54967f88af877dd,Marvin Williams,NBA,18.86,17.92,0,0.05,3.2700,5.0000,5.0000,1.9400
$50 NBA Daily 8/10,2020-08-10T22:51:32.166545,estk_f54967f88af877dd828daf68b6f4025d,evt_f54967f88af877dd,George Hill,NBA,18.63,17.7,0,0.05,3.1700,4.9700,4.9500,1.8300
$50 NBA Daily 8/10,2020-08-10T22:51:32.166549,estk_f54967f88af877dd9076cef21a11902c,evt_f54967f88af877dd,Donte DiVincenzo,NBA,17.94,17.04,0,0.05,3.0600,3.1800,4.7400,1.6500
$50 NBA Daily 8/10,2020-08-10T22:51:32.166564,estk_f54967f88af877ddf16014e0a040fe5b,evt_f54967f88af877dd,Wesley Matthews,NBA,15.77,14.48,-0.5,0.05,2.5500,2.8300,4.3600,1.2000
$50 NBA Daily 8/10,2020-08-10T22:51:32.166596,estk_f54967f88af877ddcc28fb3568e3a1d6,evt_f54967f88af877dd,Kyle Lowry,NBA,0,0,0,0.05,1.0000,8.5600,2.5200,
$50 NBA Daily 8/10,2020-08-10T22:51:32.166599,estk_f54967f88af877dd5cdd05960889fa04,evt_f54967f88af877dd,Serge Ibaka,NBA,0,0,0,0.05,1.0000,2.5200,2.5200,
$50 NBA Daily 8/10,2020-08-10T22:51:32.166603,estk_f54967f88af877ddcd439276c8d11f5d,evt_f54967f88af877dd,Fred VanVleet,NBA,0,0,0,0.05,1.0000,2.5200,2.5200,
$50 NBA Daily 8/10,2020-08-10T22:51:32.166611,estk_f54967f88af877dd12d0c14aa5dfd232,evt_f54967f88af877dd,Giannis Antetokounmpo,NBA,0,0,0,0.05,1.0000,2.5200,2.5200,
$50 NBA Daily 8/10,2020-08-10T22:53:33.538134,estk_f54967f88af877dd7c131e7cfd4ca8ad,evt_f54967f88af877dd,Pascal Siakam,NBA,37.12,34.78,1,0.09,9.5300,9.2200,11.3400,8.0500
$50 NBA Daily 8/10,2020-08-10T22:53:33.538147,estk_f54967f88af877ddf2604b3c6ec43ff2,evt_f54967f88af877dd,Khris Middleton,NBA,33.4,32.14,1.75,0.09,8.1700,7.9700,9.8200,6.9700
$50 NBA Daily 8/10,2020-08-10T22:53:33.538166,estk_f54967f88af877ddd846b1bc06a60007,evt_f54967f88af877dd,Marc Gasol,NBA,29.05,29.44,3,0.09,6.3900,4.1600,8.4800,5.1100
$50 NBA Daily 8/10,2020-08-10T22:53:33.538170,estk_f54967f88af877dd04749763bd15faac,evt_f54967f88af877dd,Eric Bledsoe,NBA,29.23,28.35,1.75,0.09,6.1000,6.2500,7.8100,5.0800
$50 NBA Daily 8/10,2020-08-10T22:53:33.538177,estk_f54967f88af877dd806121a64c461e99,evt_f54967f88af877dd,Brook Lopez,NBA,27.4,27.93,3,0.09,5.6100,5.5700,7.2500,4.3600
$50 NBA Daily 8/10,2020-08-10T22:53:33.538181,estk_f54967f88af877dd6de03cb5c6424ccc,evt_f54967f88af877dd,Norman Powell,NBA,24.01,29.1,7.25,0.09,5.4100,3.5500,7.0600,3.8400
$50 NBA Daily 8/10,2020-08-10T22:53:33.538185,estk_f54967f88af877dd82db34a5ef5dff8e,evt_f54967f88af877dd,OG Anunoby,NBA,23.69,24.31,2.75,0.09,5.3300,3.7600,7.0000,3.7800
$50 NBA Daily 8/10,2020-08-10T22:53:33.538207,estk_f54967f88af877ddb349a48e189ba3d0,evt_f54967f88af877dd,Pat Connaughton,NBA,16.92,31.65,16.25,0.09,3.9100,3.0000,5.4600,2.3300
$50 NBA Daily 8/10,2020-08-10T22:53:33.538229,estk_f54967f88af877dd8097f00ce37705fe,evt_f54967f88af877dd,Marvin Williams,NBA,18.86,17.16,0,0.09,3.1800,5.0000,5.0000,1.9400
$50 NBA Daily 8/10,2020-08-10T22:53:33.538232,estk_f54967f88af877dd828daf68b6f4025d,evt_f54967f88af877dd,George Hill,NBA,18.63,16.95,0,0.09,3.1500,4.9700,4.9500,1.8300
$50 NBA Daily 8/10,2020-08-10T22:53:33.538240,estk_f54967f88af877dd9076cef21a11902c,evt_f54967f88af877dd,Donte DiVincenzo,NBA,17.94,16.33,0,0.09,2.9900,3.1800,4.7400,1.6500
$50 NBA Daily 8/10,2020-08-10T22:53:33.538258,estk_f54967f88af877ddf16014e0a040fe5b,evt_f54967f88af877dd,Wesley Matthews,NBA,15.77,13.85,-0.5,0.09,2.5400,2.8300,4.3600,1.2000
$50 NBA Daily 8/10,2020-08-10T22:53:33.538283,estk_f54967f88af877ddcc28fb3568e3a1d6,evt_f54967f88af877dd,Kyle Lowry,NBA,0,0,0,0.09,1.0000,8.5600,2.5200,
$50 NBA Daily 8/10,2020-08-10T22:53:33.538286,estk_f54967f88af877dd5cdd05960889fa04,evt_f54967f88af877dd,Serge Ibaka,NBA,0,0,0,0.09,1.0000,2.5200,2.5200,
$50 NBA Daily 8/10,2020-08-10T22:53:33.538290,estk_f54967f88af877ddcd439276c8d11f5d,evt_f54967f88af877dd,Fred VanVleet,NBA,0,0,0,0.09,1.0000,2.5200,2.5200,
$50 NBA Daily 8/10,2020-08-10T22:53:33.538298,estk_f54967f88af877dd12d0c14aa5dfd232,evt_f54967f88af877dd,Giannis Antetokounmpo,NBA,0,0,0,0.09,1.0000,2.5200,2.5200,
$50 NBA Daily 8/10,2020-08-10T22:54:34.186888,estk_f54967f88af877dd7c131e7cfd4ca8ad,evt_f54967f88af877dd,Pascal Siakam,NBA,37.12,34.41,1,0.1,9.3200,9.2200,11.3400,8.0500
$50 NBA Daily 8/10,2020-08-10T22:54:34.186902,estk_f54967f88af877ddf2604b3c6ec43ff2,evt_f54967f88af877dd,Khris Middleton,NBA,33.4,31.81,1.75,0.1,7.9800,7.9700,9.8200,6.9700
$50 NBA Daily 8/10,2020-08-10T22:54:34.186906,estk_f54967f88af877ddb349a48e189ba3d0,evt_f54967f88af877dd,Pat Connaughton,NBA,16.92,31.48,16.25,0.1,7.6900,5.4600,9.3400,6.0400
$50 NBA Daily 8/10,2020-08-10T22:54:34.186922,estk_f54967f88af877ddd846b1bc06a60007,evt_f54967f88af877dd,Marc Gasol,NBA,29.05,28.64,2.5,0.1,6.7500,4.1600,8.4800,5.1200
$50 NBA Daily 8/10,2020-08-10T22:54:34.186926,estk_f54967f88af877dd6de03cb5c6424ccc,evt_f54967f88af877dd,Norman Powell,NBA,24.01,28.86,7.25,0.1,6.5600,3.5500,8.1900,
$50 NBA Daily 8/10,2020-08-10T22:54:34.186934,estk_f54967f88af877dd04749763bd15faac,evt_f54967f88af877dd,Eric Bledsoe,NBA,29.23,28.06,1.75,0.1,6.2900,6.2500,7.8100,5.0800
$50 NBA Daily 8/10,2020-08-10T22:54:34.186938,estk_f54967f88af877dd806121a64c461e99,evt_f54967f88af877dd,Brook Lopez,NBA,27.4,27.66,3,0.1,6.1500,5.5700,7.7700,4.5300
$50 NBA Daily 8/10,2020-08-10T22:54:34.186952,estk_f54967f88af877dd82db34a5ef5dff8e,evt_f54967f88af877dd,OG Anunoby,NBA,23.69,24.07,2.75,0.1,4.8000,3.7600,6.4000,3.7800
$50 NBA Daily 8/10,2020-08-10T22:54:34.186991,estk_f54967f88af877dd8097f00ce37705fe,evt_f54967f88af877dd,Marvin Williams,NBA,18.86,16.97,0,0.1,2.8800,5.0000,4.4400,1.9400
$50 NBA Daily 8/10,2020-08-10T22:54:34.186995,estk_f54967f88af877dd828daf68b6f4025d,evt_f54967f88af877dd,George Hill,NBA,18.63,16.77,0,0.1,2.8100,4.9700,4.3700,1.8300
$50 NBA Daily 8/10,2020-08-10T22:54:34.186999,estk_f54967f88af877dd9076cef21a11902c,evt_f54967f88af877dd,Donte DiVincenzo,NBA,17.94,17.4,1.25,0.1,2.7100,3.1800,4.2600,1.6500
$50 NBA Daily 8/10,2020-08-10T22:54:34.187017,estk_f54967f88af877ddf16014e0a040fe5b,evt_f54967f88af877dd,Wesley Matthews,NBA,15.77,13.69,-0.5,0.1,2.2700,2.8300,3.8200,1.2000
$50 NBA Daily 8/10,2020-08-10T22:54:34.187039,estk_f54967f88af877ddcc28fb3568e3a1d6,evt_f54967f88af877dd,Kyle Lowry,NBA,0,0,0,0.1,1.0000,8.5600,2.5200,
$50 NBA Daily 8/10,2020-08-10T22:54:34.187043,estk_f54967f88af877dd5cdd05960889fa04,evt_f54967f88af877dd,Serge Ibaka,NBA,0,0,0,0.1,1.0000,2.5200,2.5200,
$50 NBA Daily 8/10,2020-08-10T22:54:34.187046,estk_f54967f88af877ddcd439276c8d11f5d,evt_f54967f88af877dd,Fred VanVleet,NBA,0,0,0,0.1,1.0000,2.5200,2.5200,
$50 NBA Daily 8/10,2020-08-10T22:54:34.187053,estk_f54967f88af877dd12d0c14aa5dfd232,evt_f54967f88af877dd,Giannis Antetokounmpo,NBA,0,0,0,0.1,1.0000,2.5200,2.5200,
$50 NBA Daily 8/10,2020-08-10T22:58:37.066186,estk_f54967f88af877dd7c131e7cfd4ca8ad,evt_f54967f88af877dd,Pascal Siakam,NBA,37.12,34.04,1,0.11,9.1200,9.2200,10.7800,8.0500
$50 NBA Daily 8/10,2020-08-10T22:58:37.066200,estk_f54967f88af877ddf2604b3c6ec43ff2,evt_f54967f88af877dd,Khris Middleton,NBA,33.4,31.48,1.75,0.11,7.7700,7.9700,9.3800,6.6400
$50 NBA Daily 8/10,2020-08-10T22:58:37.066204,estk_f54967f88af877ddb349a48e189ba3d0,evt_f54967f88af877dd,Pat Connaughton,NBA,16.92,31.31,16.25,0.11,7.7600,5.4600,9.3400,6.0400
$50 NBA Daily 8/10,2020-08-10T22:58:37.066220,estk_f54967f88af877dd04749763bd15faac,evt_f54967f88af877dd,Eric Bledsoe,NBA,29.23,29.26,3.25,0.11,6.8000,6.2500,8.4800,5.2000
$50 NBA Daily 8/10,2020-08-10T22:58:37.066224,estk_f54967f88af877dd6de03cb5c6424ccc,evt_f54967f88af877dd,Norman Powell,NBA,24.01,28.62,7.25,0.11,6.5100,3.5500,8.1900,4.9300
$50 NBA Daily 8/10,2020-08-10T22:58:37.066231,estk_f54967f88af877ddd846b1bc06a60007,evt_f54967f88af877dd,Marc Gasol,NBA,29.05,29.6,3.75,0.11,6.3600,4.1600,7.9900,5.1200
$50 NBA Daily 8/10,2020-08-10T22:58:37.066236,estk_f54967f88af877dd806121a64c461e99,evt_f54967f88af877dd,Brook Lopez,NBA,27.4,27.39,3,0.11,6.0500,5.5700,7.7700,4.5300
$50 NBA Daily 8/10,2020-08-10T22:58:37.066251,estk_f54967f88af877dd82db34a5ef5dff8e,evt_f54967f88af877dd,OG Anunoby,NBA,23.69,23.83,2.75,0.11,4.7100,3.7600,6.4000,3.7800
$50 NBA Daily 8/10,2020-08-10T22:58:37.066290,estk_f54967f88af877dd9076cef21a11902c,evt_f54967f88af877dd,Donte DiVincenzo,NBA,17.94,18.47,2.5,0.11,2.9000,3.1800,4.2600,1.6500
$50 NBA Daily 8/10,2020-08-10T22:58:37.066294,estk_f54967f88af877dd8097f00ce37705fe,evt_f54967f88af877dd,Marvin Williams,NBA,18.86,16.79,0,0.11,2.8000,5.0000,4.4400,1.9400
$50 NBA Daily 8/10,2020-08-10T22:58:37.066298,estk_f54967f88af877dd828daf68b6f4025d,evt_f54967f88af877dd,George Hill,NBA,18.63,16.08,-0.5,0.11,2.7800,4.9700,4.3700,1.8300
$50 NBA Daily 8/10,2020-08-10T22:58:37.066316,estk_f54967f88af877ddf16014e0a040fe5b,evt_f54967f88af877dd,Wesley Matthews,NBA,15.77,13.54,-0.5,0.11,2.2300,3.8200,3.8200,1.2000
$50 NBA Daily 8/10,2020-08-10T22:58:37.066337,estk_f54967f88af877ddcc28fb3568e3a1d6,evt_f54967f88af877dd,Kyle Lowry,NBA,0,0,0,0.11,1.0000,8.5600,2.5200,
$50 NBA Daily 8/10,2020-08-10T22:58:37.066341,estk_f54967f88af877dd5cdd05960889fa04,evt_f54967f88af877dd,Serge Ibaka,NBA,0,0,0,0.11,1.0000,2.5200,2.5200,
$50 NBA Daily 8/10,2020-08-10T22:58:37.066345,estk_f54967f88af877ddcd439276c8d11f5d,evt_f54967f88af877dd,Fred VanVleet,NBA,0,0,0,0.11,1.0000,2.5200,2.5200,
$50 NBA Daily 8/10,2020-08-10T22:58:37.066353,estk_f54967f88af877dd12d0c14aa5dfd232,evt_f54967f88af877dd,Giannis Antetokounmpo,NBA,0,0,0,0.11,1.0000,2.5200,2.5200,
$50 NBA Daily 8/10,2020-08-10T23:00:38.414497,estk_f54967f88af877dd7c131e7cfd4ca8ad,evt_f54967f88af877dd,Pascal Siakam,NBA,37.12,33.67,1,0.12,8.8400,9.2200,10.7800,7.6300
$50 NBA Daily 8/10,2020-08-10T23:00:38.414510,estk_f54967f88af877ddf2604b3c6ec43ff2,evt_f54967f88af877dd,Khris Middleton,NBA,33.4,33.14,3.75,0.12,7.6500,7.9700,9.3000,6.6400
$50 NBA Daily 8/10,2020-08-10T23:00:38.414518,estk_f54967f88af877ddb349a48e189ba3d0,evt_f54967f88af877dd,Pat Connaughton,NBA,16.92,31.14,16.25,0.12,7.6100,5.4600,9.3400,6.0400
$50 NBA Daily 8/10,2020-08-10T23:00:38.414530,estk_f54967f88af877ddd846b1bc06a60007,evt_f54967f88af877dd,Marc Gasol,NBA,29.05,29.31,3.75,0.12,6.8400,4.1600,7.9900,5.2000
$50 NBA Daily 8/10,2020-08-10T23:00:38.414534,estk_f54967f88af877dd04749763bd15faac,evt_f54967f88af877dd,Eric Bledsoe,NBA,29.23,28.97,3.25,0.12,6.7500,6.2500,8.4800,5.2000
$50 NBA Daily 8/10,2020-08-10T23:00:38.414542,estk_f54967f88af877dd6de03cb5c6424ccc,evt_f54967f88af877dd,Norman Powell,NBA,24.01,30.38,9.25,0.12,6.4300,3.5500,8.1900,4.9300
$50 NBA Daily 8/10,2020-08-10T23:00:38.414546,estk_f54967f88af877dd806121a64c461e99,evt_f54967f88af877dd,Brook Lopez,NBA,27.4,27.11,3,0.12,5.9300,5.5700,7.7700,4.5300
$50 NBA Daily 8/10,2020-08-10T23:00:38.414560,estk_f54967f88af877dd82db34a5ef5dff8e,evt_f54967f88af877dd,OG Anunoby,NBA,23.69,23.6,2.75,0.12,4.6300,3.7600,6.4000,3.7800
$50 NBA Daily 8/10,2020-08-10T23:00:38.414593,estk_f54967f88af877dd9076cef21a11902c,evt_f54967f88af877dd,Donte DiVincenzo,NBA,17.94,17.79,2,0.12,3.1000,3.1800,4.2600,1.6500
$50 NBA Daily 8/10,2020-08-10T23:00:38.414604,estk_f54967f88af877dd8097f00ce37705fe,evt_f54967f88af877dd,Marvin Williams,NBA,18.86,16.6,0,0.12,2.7500,5.0000,4.4400,1.9400
$50 NBA Daily 8/10,2020-08-10T23:00:38.414612,estk_f54967f88af877dd828daf68b6f4025d,evt_f54967f88af877dd,George Hill,NBA,18.63,15.89,-0.5,0.12,2.6300,4.9700,4.3700,1.8100
$50 NBA Daily 8/10,2020-08-10T23:00:38.414630,estk_f54967f88af877ddf16014e0a040fe5b,evt_f54967f88af877dd,Wesley Matthews,NBA,15.77,13.38,-0.5,0.12,2.2000,3.8200,3.8200,1.2000
$50 NBA Daily 8/10,2020-08-10T23:00:38.414648,estk_f54967f88af877ddcc28fb3568e3a1d6,evt_f54967f88af877dd,Kyle Lowry,NBA,0,0,0,0.12,1.0000,8.5600,2.5200,
$50 NBA Daily 8/10,2020-08-10T23:00:38.414652,estk_f54967f88af877dd5cdd05960889fa04,evt_f54967f88af877dd,Serge Ibaka,NBA,0,0,0,0.12,1.0000,2.5200,2.5200,
$50 NBA Daily 8/10,2020-08-10T23:00:38.414655,estk_f54967f88af877ddcd439276c8d11f5d,evt_f54967f88af877dd,Fred VanVleet,NBA,0,0,0,0.12,1.0000,2.5200,2.5200,
$50 NBA Daily 8/10,2020-08-10T23:00:38.414663,estk_f54967f88af877dd12d0c14aa5dfd232,evt_f54967f88af877dd,Giannis Antetokounmpo,NBA,0,0,0,0.12,1.0000,2.5200,2.5200,
$50 NBA Daily 8/10,2020-08-10T23:01:39.082185,estk_f54967f88af877dd7c131e7cfd4ca8ad,evt_f54967f88af877dd,Pascal Siakam,NBA,37.12,34.8,3.25,0.15,8.8400,9.2200,10.7800,7.6300
$50 NBA Daily 8/10,2020-08-10T23:01:39.082198,estk_f54967f88af877ddf2604b3c6ec43ff2,evt_f54967f88af877dd,Khris Middleton,NBA,33.4,35.39,7,0.15,7.6500,7.9700,9.3000,6.6400
$50 NBA Daily 8/10,2020-08-10T23:01:39.082206,estk_f54967f88af877ddb349a48e189ba3d0,evt_f54967f88af877dd,Pat Connaughton,NBA,16.92,30.63,16.25,0.15,7.6100,5.4600,9.3400,6.0400
$50 NBA Daily 8/10,2020-08-10T23:01:39.082218,estk_f54967f88af877ddd846b1bc06a60007,evt_f54967f88af877dd,Marc Gasol,NBA,29.05,28.44,3.75,0.15,6.8400,4.1600,7.9900,5.2000
$50 NBA Daily 8/10,2020-08-10T23:01:39.082222,estk_f54967f88af877dd04749763bd15faac,evt_f54967f88af877dd,Eric Bledsoe,NBA,29.23,28.1,3.25,0.15,6.7500,6.2500,8.4800,5.2000
$50 NBA Daily 8/10,2020-08-10T23:01:39.082230,estk_f54967f88af877dd6de03cb5c6424ccc,evt_f54967f88af877dd,Norman Powell,NBA,24.01,33.16,12.75,0.15,6.4300,3.5500,8.1900,4.9300
$50 NBA Daily 8/10,2020-08-10T23:01:39.082234,estk_f54967f88af877dd806121a64c461e99,evt_f54967f88af877dd,Brook Lopez,NBA,27.4,25.29,2,0.15,5.9300,5.5700,7.7700,4.5300
$50 NBA Daily 8/10,2020-08-10T23:01:39.082248,estk_f54967f88af877dd82db34a5ef5dff8e,evt_f54967f88af877dd,OG Anunoby,NBA,23.69,22.89,2.75,0.15,4.6300,3.7600,6.4000,3.7800
$50 NBA Daily 8/10,2020-08-10T23:01:39.082281,estk_f54967f88af877dd9076cef21a11902c,evt_f54967f88af877dd,Donte DiVincenzo,NBA,17.94,17.25,2,0.15,3.1000,3.1800,4.2600,1.6500
$50 NBA Daily 8/10,2020-08-10T23:01:39.082292,estk_f54967f88af877dd8097f00ce37705fe,evt_f54967f88af877dd,Marvin Williams,NBA,18.86,16.03,0,0.15,2.7500,5.0000,4.4400,1.9400
$50 NBA Daily 8/10,2020-08-10T23:01:39.082299,estk_f54967f88af877dd828daf68b6f4025d,evt_f54967f88af877dd,George Hill,NBA,18.63,15.34,-0.5,0.15,2.6300,4.9700,4.3700,1.8100
$50 NBA Daily 8/10,2020-08-10T23:01:39.082318,estk_f54967f88af877ddf16014e0a040fe5b,evt_f54967f88af877dd,Wesley Matthews,NBA,15.77,12.9,-0.5,0.15,2.2000,3.8200,3.8200,1.2000
$50 NBA Daily 8/10,2020-08-10T23:01:39.082336,estk_f54967f88af877ddcc28fb3568e3a1d6,evt_f54967f88af877dd,Kyle Lowry,NBA,0,0,0,0.15,1.0000,8.5600,2.5200,
$50 NBA Daily 8/10,2020-08-10T23:01:39.082339,estk_f54967f88af877dd5cdd05960889fa04,evt_f54967f88af877dd,Serge Ibaka,NBA,0,0,0,0.15,1.0000,2.5200,2.5200,
$50 NBA Daily 8/10,2020-08-10T23:01:39.082343,estk_f54967f88af877ddcd439276c8d11f5d,evt_f54967f88af877dd,Fred VanVleet,NBA,0,0,0,0.15,1.0000,2.5200,2.5200,
$50 NBA Daily 8/10,2020-08-10T23:01:39.082351,estk_f54967f88af877dd12d0c14aa5dfd232,evt_f54967f88af877dd,Giannis Antetokounmpo,NBA,0,0,0,0.15,1.0000,2.5200,2.5200,
$50 NBA Daily 8/10,2020-08-10T23:03:10.146318,estk_f54967f88af877dd7c131e7cfd4ca8ad,evt_f54967f88af877dd,Pascal Siakam,NBA,37.12,36.43,5.25,0.16,10.1000,9.2200,10.7800,8.4000
$50 NBA Daily 8/10,2020-08-10T23:03:10.146324,estk_f54967f88af877ddf2604b3c6ec43ff2,evt_f54967f88af877dd,Khris Middleton,NBA,33.4,35.06,7,0.16,9.3800,7.9700,11.2900,7.9100
$50 NBA Daily 8/10,2020-08-10T23:03:10.146332,estk_f54967f88af877dd6de03cb5c6424ccc,evt_f54967f88af877dd,Norman Powell,NBA,24.01,32.92,12.75,0.16,8.2800,3.5500,10.0200,6.7100
$50 NBA Daily 8/10,2020-08-10T23:03:10.146351,estk_f54967f88af877ddb349a48e189ba3d0,evt_f54967f88af877dd,Pat Connaughton,NBA,16.92,30.46,16.25,0.16,7.1700,5.4600,8.8200,6.0400
$50 NBA Daily 8/10,2020-08-10T23:03:10.146359,estk_f54967f88af877ddd846b1bc06a60007,evt_f54967f88af877dd,Marc Gasol,NBA,29.05,28.15,3.75,0.16,6.1100,4.1600,7.8800,5.2000
$50 NBA Daily 8/10,2020-08-10T23:03:10.146363,estk_f54967f88af877dd04749763bd15faac,evt_f54967f88af877dd,Eric Bledsoe,NBA,29.23,27.8,3.25,0.16,6.0000,6.2500,7.6900,5.1200
$50 NBA Daily 8/10,2020-08-10T23:03:10.146378,estk_f54967f88af877dd806121a64c461e99,evt_f54967f88af877dd,Brook Lopez,NBA,27.4,24.52,1.5,0.16,4.7700,5.5700,6.6400,4.1300
$50 NBA Daily 8/10,2020-08-10T23:03:10.146389,estk_f54967f88af877dd82db34a5ef5dff8e,evt_f54967f88af877dd,OG Anunoby,NBA,23.69,22.65,2.75,0.16,4.1600,3.7600,5.8500,3.2000
$50 NBA Daily 8/10,2020-08-10T23:03:10.146422,estk_f54967f88af877dd9076cef21a11902c,evt_f54967f88af877dd,Donte DiVincenzo,NBA,17.94,17.07,2,0.16,2.7200,3.1800,4.2600,1.6500
$50 NBA Daily 8/10,2020-08-10T23:03:10.146437,estk_f54967f88af877dd8097f00ce37705fe,evt_f54967f88af877dd,Marvin Williams,NBA,18.86,15.84,0,0.16,2.4700,5.0000,4.4400,1.7000
$50 NBA Daily 8/10,2020-08-10T23:03:10.146444,estk_f54967f88af877dd828daf68b6f4025d,evt_f54967f88af877dd,George Hill,NBA,18.63,15.15,-0.5,0.16,2.3900,4.9700,4.3700,1.6100
$50 NBA Daily 8/10,2020-08-10T23:03:10.146452,estk_f54967f88af877ddf16014e0a040fe5b,evt_f54967f88af877dd,Wesley Matthews,NBA,15.77,12.75,-0.5,0.16,2.0100,3.8200,3.8200,1.2000
$50 NBA Daily 8/10,2020-08-10T23:03:10.146469,estk_f54967f88af877ddcc28fb3568e3a1d6,evt_f54967f88af877dd,Kyle Lowry,NBA,0,0,0,0.16,1.0000,8.5600,2.5200,
$50 NBA Daily 8/10,2020-08-10T23:03:10.146473,estk_f54967f88af877dd5cdd05960889fa04,evt_f54967f88af877dd,Serge Ibaka,NBA,0,0,0,0.16,1.0000,2.5200,2.5200,
$50 NBA Daily 8/10,2020-08-10T23:03:10.146477,estk_f54967f88af877ddcd439276c8d11f5d,evt_f54967f88af877dd,Fred VanVleet,NBA,0,0,0,0.16,1.0000,2.5200,2.5200,
$50 NBA Daily 8/10,2020-08-10T23:03:10.146485,estk_f54967f88af877dd12d0c14aa5dfd232,evt_f54967f88af877dd,Giannis Antetokounmpo,NBA,0,0,0,0.16,1.0000,2.5200,2.5200,
$50 NBA Daily 8/10,2020-08-10T23:04:10.826004,estk_f54967f88af877dd7c131e7cfd4ca8ad,evt_f54967f88af877dd,Pascal Siakam,NBA,37.12,35.69,5.25,0.18,9.7500,9.2200,11.8000,8.4000
$50 NBA Daily 8/10,2020-08-10T23:04:10.826010,estk_f54967f88af877ddf2604b3c6ec43ff2,evt_f54967f88af877dd,Khris Middleton,NBA,33.4,34.39,7,0.18,9.0500,7.9700,11.2900,7.9100
$50 NBA Daily 8/10,2020-08-10T23:04:10.826023,estk_f54967f88af877dd6de03cb5c6424ccc,evt_f54967f88af877dd,Norman Powell,NBA,24.01,32.44,12.75,0.18,8.0800,3.5500,10.0200,6.7100
$50 NBA Daily 8/10,2020-08-10T23:04:10.826039,estk_f54967f88af877ddb349a48e189ba3d0,evt_f54967f88af877dd,Pat Connaughton,NBA,16.92,30.12,16.25,0.18,6.9800,5.4600,8.8100,6.0400
$50 NBA Daily 8/10,2020-08-10T23:04:10.826046,estk_f54967f88af877ddd846b1bc06a60007,evt_f54967f88af877dd,Marc Gasol,NBA,29.05,27.57,3.75,0.18,5.8600,4.1600,7.8800,5.2000
$50 NBA Daily 8/10,2020-08-10T23:04:10.826054,estk_f54967f88af877dd04749763bd15faac,evt_f54967f88af877dd,Eric Bledsoe,NBA,29.23,27.22,3.25,0.18,5.6900,6.2500,7.6900,5.0800
$50 NBA Daily 8/10,2020-08-10T23:04:10.826068,estk_f54967f88af877dd806121a64c461e99,evt_f54967f88af877dd,Brook Lopez,NBA,27.4,23.97,1.5,0.18,4.6000,5.5700,6.6400,3.4400
$50 NBA Daily 8/10,2020-08-10T23:04:10.826079,estk_f54967f88af877dd82db34a5ef5dff8e,evt_f54967f88af877dd,OG Anunoby,NBA,23.69,22.18,2.75,0.18,3.9500,3.7600,5.8500,3.1000
$50 NBA Daily 8/10,2020-08-10T23:04:10.826106,estk_f54967f88af877dd9076cef21a11902c,evt_f54967f88af877dd,Donte DiVincenzo,NBA,17.94,18.96,4.25,0.18,3.1100,3.1800,4.2600,1.6500
$50 NBA Daily 8/10,2020-08-10T23:04:10.826117,estk_f54967f88af877dd828daf68b6f4025d,evt_f54967f88af877dd,George Hill,NBA,18.63,18.28,3,0.18,2.9500,4.9700,4.3700,1.3900
$50 NBA Daily 8/10,2020-08-10T23:04:10.826125,estk_f54967f88af877dd8097f00ce37705fe,evt_f54967f88af877dd,Marvin Williams,NBA,18.86,16.72,1.25,0.18,2.6200,5.0000,4.4400,1.6300
$50 NBA Daily 8/10,2020-08-10T23:04:10.826146,estk_f54967f88af877ddf16014e0a040fe5b,evt_f54967f88af877dd,Wesley Matthews,NBA,15.77,12.43,-0.5,0.18,1.9300,3.8200,3.8200,1.2000
$50 NBA Daily 8/10,2020-08-10T23:04:10.826160,estk_f54967f88af877ddcc28fb3568e3a1d6,evt_f54967f88af877dd,Kyle Lowry,NBA,0,0,0,0.18,1.0000,8.5600,2.5200,
$50 NBA Daily 8/10,2020-08-10T23:04:10.826164,estk_f54967f88af877dd5cdd05960889fa04,evt_f54967f88af877dd,Serge Ibaka,NBA,0,0,0,0.18,1.0000,2.5200,2.5200,
$50 NBA Daily 8/10,2020-08-10T23:04:10.826168,estk_f54967f88af877ddcd439276c8d11f5d,evt_f54967f88af877dd,Fred VanVleet,NBA,0,0,0,0.18,1.0000,2.5200,2.5200,
$50 NBA Daily 8/10,2020-08-10T23:04:10.826176,estk_f54967f88af877dd12d0c14aa5dfd232,evt_f54967f88af877dd,Giannis Antetokounmpo,NBA,0,0,0,0.18,1.0000,2.5200,2.5200,
$50 NBA Daily 8/10,2020-08-10T23:05:41.798556,estk_f54967f88af877dd7c131e7cfd4ca8ad,evt_f54967f88af877dd,Pascal Siakam,NBA,37.12,35.32,5.25,0.19,9.7500,9.2200,11.8000,8.4000
$50 NBA Daily 8/10,2020-08-10T23:05:41.798562,estk_f54967f88af877ddf2604b3c6ec43ff2,evt_f54967f88af877dd,Khris Middleton,NBA,33.4,34.05,7,0.19,9.0500,7.9700,10.7300,7.9100
$50 NBA Daily 8/10,2020-08-10T23:05:41.798574,estk_f54967f88af877dd6de03cb5c6424ccc,evt_f54967f88af877dd,Norman Powell,NBA,24.01,32.95,13.5,0.19,8.0800,3.5500,10.0200,6.7100
$50 NBA Daily 8/10,2020-08-10T23:05:41.798589,estk_f54967f88af877ddb349a48e189ba3d0,evt_f54967f88af877dd,Pat Connaughton,NBA,16.92,29.96,16.25,0.19,6.9800,5.4600,8.8100,6.0400
$50 NBA Daily 8/10,2020-08-10T23:05:41.798597,estk_f54967f88af877ddd846b1bc06a60007,evt_f54967f88af877dd,Marc Gasol,NBA,29.05,27.28,3.75,0.19,5.8600,4.1600,7.4800,4.9300
$50 NBA Daily 8/10,2020-08-10T23:05:41.798604,estk_f54967f88af877dd04749763bd15faac,evt_f54967f88af877dd,Eric Bledsoe,NBA,29.23,26.93,3.25,0.19,5.6900,6.2500,7.6900,4.6600
$50 NBA Daily 8/10,2020-08-10T23:05:41.798619,estk_f54967f88af877dd806121a64c461e99,evt_f54967f88af877dd,Brook Lopez,NBA,27.4,23.69,1.5,0.19,4.6000,5.5700,6.6400,3.4400
$50 NBA Daily 8/10,2020-08-10T23:05:41.798626,estk_f54967f88af877dd82db34a5ef5dff8e,evt_f54967f88af877dd,OG Anunoby,NBA,23.69,21.94,2.75,0.19,3.9500,3.7600,5.8500,3.1000
$50 NBA Daily 8/10,2020-08-10T23:05:41.798652,estk_f54967f88af877dd9076cef21a11902c,evt_f54967f88af877dd,Donte DiVincenzo,NBA,17.94,18.78,4.25,0.19,3.1100,3.1800,4.2600,1.6500
$50 NBA Daily 8/10,2020-08-10T23:05:41.798664,estk_f54967f88af877dd828daf68b6f4025d,evt_f54967f88af877dd,George Hill,NBA,18.63,17.59,2.5,0.19,2.9500,4.9700,4.3700,1.3900
$50 NBA Daily 8/10,2020-08-10T23:05:41.798671,estk_f54967f88af877dd8097f00ce37705fe,evt_f54967f88af877dd,Marvin Williams,NBA,18.86,16.53,1.25,0.19,2.6200,5.0000,4.4400,1.6300
$50 NBA Daily 8/10,2020-08-10T23:05:41.798692,estk_f54967f88af877ddf16014e0a040fe5b,evt_f54967f88af877dd,Wesley Matthews,NBA,15.77,12.27,-0.5,0.19,1.9300,3.8200,3.8200,
$50 NBA Daily 8/10,2020-08-10T23:05:41.798707,estk_f54967f88af877ddcc28fb3568e3a1d6,evt_f54967f88af877dd,Kyle Lowry,NBA,0,0,0,0.19,1.0000,8.5600,2.5200,
$50 NBA Daily 8/10,2020-08-10T23:05:41.798710,estk_f54967f88af877dd5cdd05960889fa04,evt_f54967f88af877dd,Serge Ibaka,NBA,0,0,0,0.19,1.0000,2.5200,2.5200,
$50 NBA Daily 8/10,2020-08-10T23:05:41.798714,estk_f54967f88af877ddcd439276c8d11f5d,evt_f54967f88af877dd,Fred VanVleet,NBA,0,0,0,0.19,1.0000,2.5200,2.5200,
$50 NBA Daily 8/10,2020-08-10T23:05:41.798721,estk_f54967f88af877dd12d0c14aa5dfd232,evt_f54967f88af877dd,Giannis Antetokounmpo,NBA,0,0,0,0.19,1.0000,2.5200,2.5200,
$50 NBA Daily 8/10,2020-08-10T23:09:44.446222,estk_f54967f88af877dd7c131e7cfd4ca8ad,evt_f54967f88af877dd,Pascal Siakam,NBA,37.12,33.46,5.25,0.24,9.5800,9.2200,11.2700,8.4000
$50 NBA Daily 8/10,2020-08-10T23:09:44.446228,estk_f54967f88af877ddf2604b3c6ec43ff2,evt_f54967f88af877dd,Khris Middleton,NBA,33.4,32.38,7,0.24,8.8800,7.9700,10.7300,7.9100
$50 NBA Daily 8/10,2020-08-10T23:09:44.446237,estk_f54967f88af877dd6de03cb5c6424ccc,evt_f54967f88af877dd,Norman Powell,NBA,24.01,31.75,13.5,0.24,8.4000,3.5500,10.0200,6.7100
$50 NBA Daily 8/10,2020-08-10T23:09:44.446257,estk_f54967f88af877ddb349a48e189ba3d0,evt_f54967f88af877dd,Pat Connaughton,NBA,16.92,29.11,16.25,0.24,6.9600,5.4600,8.8100,5.5700
$50 NBA Daily 8/10,2020-08-10T23:09:44.446268,estk_f54967f88af877ddd846b1bc06a60007,evt_f54967f88af877dd,Marc Gasol,NBA,29.05,25.83,3.75,0.24,5.7400,4.1600,7.3500,4.8000
$50 NBA Daily 8/10,2020-08-10T23:09:44.446272,estk_f54967f88af877dd04749763bd15faac,evt_f54967f88af877dd,Eric Bledsoe,NBA,29.23,25.46,3.25,0.24,5.5900,6.2500,7.2300,4.6600
$50 NBA Daily 8/10,2020-08-10T23:09:44.446291,estk_f54967f88af877dd806121a64c461e99,evt_f54967f88af877dd,Brook Lopez,NBA,27.4,22.32,1.5,0.24,4.4500,5.5700,6.0900,3.4400
$50 NBA Daily 8/10,2020-08-10T23:09:44.446295,estk_f54967f88af877dd82db34a5ef5dff8e,evt_f54967f88af877dd,OG Anunoby,NBA,23.69,20.75,2.75,0.24,3.9000,3.7600,5.8500,3.0400
$50 NBA Daily 8/10,2020-08-10T23:09:44.446321,estk_f54967f88af877dd9076cef21a11902c,evt_f54967f88af877dd,Donte DiVincenzo,NBA,17.94,17.88,4.25,0.24,3.1200,3.1800,4.2600,1.6500
$50 NBA Daily 8/10,2020-08-10T23:09:44.446333,estk_f54967f88af877dd828daf68b6f4025d,evt_f54967f88af877dd,George Hill,NBA,18.63,21.66,7.5,0.24,2.8500,4.9700,4.3700,1.3900
$50 NBA Daily 8/10,2020-08-10T23:09:44.446340,estk_f54967f88af877dd8097f00ce37705fe,evt_f54967f88af877dd,Marvin Williams,NBA,18.86,15.58,1.25,0.24,2.6000,5.0000,4.4400,1.6300
$50 NBA Daily 8/10,2020-08-10T23:09:44.446362,estk_f54967f88af877ddf16014e0a040fe5b,evt_f54967f88af877dd,Wesley Matthews,NBA,15.77,11.49,-0.5,0.24,1.9300,3.8200,3.8200,
$50 NBA Daily 8/10,2020-08-10T23:09:44.446377,estk_f54967f88af877ddcc28fb3568e3a1d6,evt_f54967f88af877dd,Kyle Lowry,NBA,0,0,0,0.24,1.0000,8.5600,2.5200,
$50 NBA Daily 8/10,2020-08-10T23:09:44.446380,estk_f54967f88af877dd5cdd05960889fa04,evt_f54967f88af877dd,Serge Ibaka,NBA,0,0,0,0.24,1.0000,2.5200,2.5200,
$50 NBA Daily 8/10,2020-08-10T23:09:44.446384,estk_f54967f88af877ddcd439276c8d11f5d,evt_f54967f88af877dd,Fred VanVleet,NBA,0,0,0,0.24,1.0000,2.5200,2.5200,
$50 NBA Daily 8/10,2020-08-10T23:09:44.446392,estk_f54967f88af877dd12d0c14aa5dfd232,evt_f54967f88af877dd,Giannis Antetokounmpo,NBA,0,0,0,0.24,1.0000,2.5200,2.5200,
$50 NBA Daily 8/10,2020-08-10T23:12:46.558290,estk_f54967f88af877dd7c131e7cfd4ca8ad,evt_f54967f88af877dd,Pascal Siakam,NBA,37.12,33.09,5.25,0.25,8.7800,9.2200,10.4700,7.1100
$50 NBA Daily 8/10,2020-08-10T23:12:46.558303,estk_f54967f88af877ddf2604b3c6ec43ff2,evt_f54967f88af877dd,Khris Middleton,NBA,33.4,32.05,7,0.25,8.2200,7.9700,9.9400,7.2400
$50 NBA Daily 8/10,2020-08-10T23:12:46.558311,estk_f54967f88af877dd6de03cb5c6424ccc,evt_f54967f88af877dd,Norman Powell,NBA,24.01,31.51,13.5,0.25,7.9400,3.5500,10.0200,6.7100
$50 NBA Daily 8/10,2020-08-10T23:12:46.558327,estk_f54967f88af877ddb349a48e189ba3d0,evt_f54967f88af877dd,Pat Connaughton,NBA,16.92,28.94,16.25,0.25,6.5700,5.4600,8.2500,5.5700
$50 NBA Daily 8/10,2020-08-10T23:12:46.558338,estk_f54967f88af877ddd846b1bc06a60007,evt_f54967f88af877dd,Marc Gasol,NBA,29.05,25.54,3.75,0.25,5.2700,4.1600,6.8600,4.2400
$50 NBA Daily 8/10,2020-08-10T23:12:46.558342,estk_f54967f88af877dd04749763bd15faac,evt_f54967f88af877dd,Eric Bledsoe,NBA,29.23,25.17,3.25,0.25,5.1400,6.2500,6.7200,4.0100
$50 NBA Daily 8/10,2020-08-10T23:12:46.558357,estk_f54967f88af877dd806121a64c461e99,evt_f54967f88af877dd,Brook Lopez,NBA,27.4,22.05,1.5,0.25,4.0700,5.5700,6.0900,3.1700
$50 NBA Daily 8/10,2020-08-10T23:12:46.558364,estk_f54967f88af877dd828daf68b6f4025d,evt_f54967f88af877dd,George Hill,NBA,18.63,21.47,7.5,0.25,3.8800,4.9700,5.4300,2.2700
$50 NBA Daily 8/10,2020-08-10T23:12:46.558376,estk_f54967f88af877dd82db34a5ef5dff8e,evt_f54967f88af877dd,OG Anunoby,NBA,23.69,23.27,5.5,0.25,3.5700,3.7600,5.1400,2.5800
$50 NBA Daily 8/10,2020-08-10T23:12:46.558397,estk_f54967f88af877dd9076cef21a11902c,evt_f54967f88af877dd,Donte DiVincenzo,NBA,17.94,17.71,4.25,0.25,2.8800,3.1800,4.2600,1.6500
$50 NBA Daily 8/10,2020-08-10T23:12:46.558415,estk_f54967f88af877dd8097f00ce37705fe,evt_f54967f88af877dd,Marvin Williams,NBA,18.86,15.39,1.25,0.25,2.4000,5.0000,3.9200,1.3200
$50 NBA Daily 8/10,2020-08-10T23:12:46.558426,estk_f54967f88af877ddf16014e0a040fe5b,evt_f54967f88af877dd,Wesley Matthews,NBA,15.77,11.33,-0.5,0.25,1.8000,3.8200,3.3200,
$50 NBA Daily 8/10,2020-08-10T23:12:46.558441,estk_f54967f88af877ddcc28fb3568e3a1d6,evt_f54967f88af877dd,Kyle Lowry,NBA,0,0,0,0.25,1.0000,8.5600,2.5200,
$50 NBA Daily 8/10,2020-08-10T23:12:46.558445,estk_f54967f88af877dd5cdd05960889fa04,evt_f54967f88af877dd,Serge Ibaka,NBA,0,0,0,0.25,1.0000,2.5200,2.5200,
$50 NBA Daily 8/10,2020-08-10T23:12:46.558448,estk_f54967f88af877ddcd439276c8d11f5d,evt_f54967f88af877dd,Fred VanVleet,NBA,0,0,0,0.25,1.0000,2.5200,2.5200,
$50 NBA Daily 8/10,2020-08-10T23:12:46.558456,estk_f54967f88af877dd12d0c14aa5dfd232,evt_f54967f88af877dd,Giannis Antetokounmpo,NBA,0,0,0,0.25,1.0000,2.5200,2.5200,
$50 NBA Daily 8/10,2020-08-10T23:16:49.378192,estk_f54967f88af877dd7c131e7cfd4ca8ad,evt_f54967f88af877dd,Pascal Siakam,NBA,37.12,32.72,5.25,0.26,8.6300,9.2200,10.4700,7.1100
$50 NBA Daily 8/10,2020-08-10T23:16:49.378200,estk_f54967f88af877ddf2604b3c6ec43ff2,evt_f54967f88af877dd,Khris Middleton,NBA,33.4,31.72,7,0.26,8.0800,7.9700,9.9400,6.6000
$50 NBA Daily 8/10,2020-08-10T23:16:49.378212,estk_f54967f88af877dd6de03cb5c6424ccc,evt_f54967f88af877dd,Norman Powell,NBA,24.01,31.27,13.5,0.26,7.8400,3.5500,9.5200,6.7100
$50 NBA Daily 8/10,2020-08-10T23:16:49.378224,estk_f54967f88af877ddb349a48e189ba3d0,evt_f54967f88af877dd,Pat Connaughton,NBA,16.92,28.77,16.25,0.26,6.5900,5.4600,8.2500,5.5700
$50 NBA Daily 8/10,2020-08-10T23:16:49.378239,estk_f54967f88af877ddd846b1bc06a60007,evt_f54967f88af877dd,Marc Gasol,NBA,29.05,25.25,3.75,0.26,5.1200,4.1600,6.7500,4.2400
$50 NBA Daily 8/10,2020-08-10T23:16:49.378243,estk_f54967f88af877dd04749763bd15faac,evt_f54967f88af877dd,Eric Bledsoe,NBA,29.23,24.88,3.25,0.26,5.0300,6.2500,6.7200,4.0100
$50 NBA Daily 8/10,2020-08-10T23:16:49.378254,estk_f54967f88af877dd82db34a5ef5dff8e,evt_f54967f88af877dd,OG Anunoby,NBA,23.69,23.03,5.5,0.26,4.3400,3.7600,5.9100,2.5800
$50 NBA Daily 8/10,2020-08-10T23:16:49.378258,estk_f54967f88af877dd806121a64c461e99,evt_f54967f88af877dd,Brook Lopez,NBA,27.4,21.78,1.5,0.26,3.9700,5.5700,5.5500,3.0100
$50 NBA Daily 8/10,2020-08-10T23:16:49.378266,estk_f54967f88af877dd828daf68b6f4025d,evt_f54967f88af877dd,George Hill,NBA,18.63,21.29,7.5,0.26,3.8100,4.9700,5.4300,2.2700
$50 NBA Daily 8/10,2020-08-10T23:16:49.378295,estk_f54967f88af877dd9076cef21a11902c,evt_f54967f88af877dd,Donte DiVincenzo,NBA,17.94,17.53,4.25,0.26,2.7900,3.1800,4.2600,1.6500
$50 NBA Daily 8/10,2020-08-10T23:16:49.378312,estk_f54967f88af877dd8097f00ce37705fe,evt_f54967f88af877dd,Marvin Williams,NBA,18.86,15.21,1.25,0.26,2.3300,5.0000,3.9200,1.3200
$50 NBA Daily 8/10,2020-08-10T23:16:49.378323,estk_f54967f88af877ddf16014e0a040fe5b,evt_f54967f88af877dd,Wesley Matthews,NBA,15.77,11.17,-0.5,0.26,1.7600,3.8200,3.3200,
$50 NBA Daily 8/10,2020-08-10T23:16:49.378337,estk_f54967f88af877ddcc28fb3568e3a1d6,evt_f54967f88af877dd,Kyle Lowry,NBA,0,0,0,0.26,1.0000,8.5600,2.5200,
$50 NBA Daily 8/10,2020-08-10T23:16:49.378340,estk_f54967f88af877dd5cdd05960889fa04,evt_f54967f88af877dd,Serge Ibaka,NBA,0,0,0,0.26,1.0000,2.5200,2.5200,
$50 NBA Daily 8/10,2020-08-10T23:16:49.378344,estk_f54967f88af877ddcd439276c8d11f5d,evt_f54967f88af877dd,Fred VanVleet,NBA,0,0,0,0.26,1.0000,2.5200,2.5200,
$50 NBA Daily 8/10,2020-08-10T23:16:49.378351,estk_f54967f88af877dd12d0c14aa5dfd232,evt_f54967f88af877dd,Giannis Antetokounmpo,NBA,0,0,0,0.26,1.0000,2.5200,2.5200,
$50 NBA Daily 8/10,2020-08-10T23:17:50.069901,estk_f54967f88af877dd7c131e7cfd4ca8ad,evt_f54967f88af877dd,Pascal Siakam,NBA,37.12,32.35,5.25,0.27,8.4600,9.2200,10.4700,7.1100
$50 NBA Daily 8/10,2020-08-10T23:17:50.069906,estk_f54967f88af877ddf2604b3c6ec43ff2,evt_f54967f88af877dd,Khris Middleton,NBA,33.4,31.38,7,0.27,7.9600,7.9700,9.9400,6.6000
$50 NBA Daily 8/10,2020-08-10T23:17:50.069923,estk_f54967f88af877dd6de03cb5c6424ccc,evt_f54967f88af877dd,Norman Powell,NBA,24.01,31.03,13.5,0.27,7.7600,3.5500,9.5200,6.7100
$50 NBA Daily 8/10,2020-08-10T23:17:50.069930,estk_f54967f88af877ddb349a48e189ba3d0,evt_f54967f88af877dd,Pat Connaughton,NBA,16.92,28.6,16.25,0.27,6.5400,5.4600,8.2500,5.5700
$50 NBA Daily 8/10,2020-08-10T23:17:50.069945,estk_f54967f88af877ddd846b1bc06a60007,evt_f54967f88af877dd,Marc Gasol,NBA,29.05,24.96,3.75,0.27,5.0300,4.1600,6.7500,3.6500
$50 NBA Daily 8/10,2020-08-10T23:17:50.069949,estk_f54967f88af877dd04749763bd15faac,evt_f54967f88af877dd,Eric Bledsoe,NBA,29.23,24.59,3.25,0.27,4.8900,6.2500,6.7200,4.0100
$50 NBA Daily 8/10,2020-08-10T23:17:50.069961,estk_f54967f88af877dd82db34a5ef5dff8e,evt_f54967f88af877dd,OG Anunoby,NBA,23.69,24.29,7,0.27,4.2700,3.7600,5.9100,2.5800
$50 NBA Daily 8/10,2020-08-10T23:17:50.069968,estk_f54967f88af877dd806121a64c461e99,evt_f54967f88af877dd,Brook Lopez,NBA,27.4,21.5,1.5,0.27,3.8400,5.5700,5.5500,3.0100
$50 NBA Daily 8/10,2020-08-10T23:17:50.069975,estk_f54967f88af877dd828daf68b6f4025d,evt_f54967f88af877dd,George Hill,NBA,18.63,21.1,7.5,0.27,3.7300,4.9700,5.4300,2.2700
$50 NBA Daily 8/10,2020-08-10T23:17:50.070000,estk_f54967f88af877dd9076cef21a11902c,evt_f54967f88af877dd,Donte DiVincenzo,NBA,17.94,17.35,4.25,0.27,2.7900,3.1800,4.2600,1.6500
$50 NBA Daily 8/10,2020-08-10T23:17:50.070018,estk_f54967f88af877dd8097f00ce37705fe,evt_f54967f88af877dd,Marvin Williams,NBA,18.86,15.02,1.25,0.27,2.3200,5.0000,3.9200,1.3200
$50 NBA Daily 8/10,2020-08-10T23:17:50.070029,estk_f54967f88af877ddf16014e0a040fe5b,evt_f54967f88af877dd,Wesley Matthews,NBA,15.77,11.01,-0.5,0.27,1.7400,3.8200,3.3200,
$50 NBA Daily 8/10,2020-08-10T23:17:50.070044,estk_f54967f88af877ddcc28fb3568e3a1d6,evt_f54967f88af877dd,Kyle Lowry,NBA,0,0,0,0.27,1.0000,8.5600,2.5200,
$50 NBA Daily 8/10,2020-08-10T23:17:50.070047,estk_f54967f88af877dd5cdd05960889fa04,evt_f54967f88af877dd,Serge Ibaka,NBA,0,0,0,0.27,1.0000,2.5200,2.5200,
$50 NBA Daily 8/10,2020-08-10T23:17:50.070051,estk_f54967f88af877ddcd439276c8d11f5d,evt_f54967f88af877dd,Fred VanVleet,NBA,0,0,0,0.27,1.0000,2.5200,2.5200,
$50 NBA Daily 8/10,2020-08-10T23:17:50.070059,estk_f54967f88af877dd12d0c14aa5dfd232,evt_f54967f88af877dd,Giannis Antetokounmpo,NBA,0,0,0,0.27,1.0000,2.5200,2.5200,
$50 NBA Daily 8/10,2020-08-10T23:18:50.702518,estk_f54967f88af877dd7c131e7cfd4ca8ad,evt_f54967f88af877dd,Pascal Siakam,NBA,37.12,31.98,5.25,0.28,8.3000,9.2200,9.9700,7.1100
$50 NBA Daily 8/10,2020-08-10T23:18:50.702535,estk_f54967f88af877ddf2604b3c6ec43ff2,evt_f54967f88af877dd,Khris Middleton,NBA,33.4,31.05,7,0.28,7.7600,7.9700,9.4200,6.6000
$50 NBA Daily 8/10,2020-08-10T23:18:50.702539,estk_f54967f88af877dd6de03cb5c6424ccc,evt_f54967f88af877dd,Norman Powell,NBA,24.01,30.79,13.5,0.28,7.5800,3.5500,9.5200,6.6100
$50 NBA Daily 8/10,2020-08-10T23:18:50.702546,estk_f54967f88af877ddb349a48e189ba3d0,evt_f54967f88af877dd,Pat Connaughton,NBA,16.92,29.93,17.75,0.28,6.4300,5.4600,8.2500,5.5400
$50 NBA Daily 8/10,2020-08-10T23:18:50.702562,estk_f54967f88af877ddd846b1bc06a60007,evt_f54967f88af877dd,Marc Gasol,NBA,29.05,24.67,3.75,0.28,4.9400,4.1600,6.7500,3.6500
$50 NBA Daily 8/10,2020-08-10T23:18:50.702569,estk_f54967f88af877dd04749763bd15faac,evt_f54967f88af877dd,Eric Bledsoe,NBA,29.23,24.3,3.25,0.28,4.8200,6.2500,6.7200,3.2200
$50 NBA Daily 8/10,2020-08-10T23:18:50.702576,estk_f54967f88af877dd82db34a5ef5dff8e,evt_f54967f88af877dd,OG Anunoby,NBA,23.69,24.06,7,0.28,4.7100,3.7600,5.9100,3.1200
$50 NBA Daily 8/10,2020-08-10T23:18:50.702588,estk_f54967f88af877dd806121a64c461e99,evt_f54967f88af877dd,Brook Lopez,NBA,27.4,21.23,1.5,0.28,3.7700,5.5700,5.5500,2.4700
$50 NBA Daily 8/10,2020-08-10T23:18:50.702591,estk_f54967f88af877dd828daf68b6f4025d,evt_f54967f88af877dd,George Hill,NBA,18.63,20.91,7.5,0.28,3.6900,4.9700,5.4300,2.2700
$50 NBA Daily 8/10,2020-08-10T23:18:50.702620,estk_f54967f88af877dd9076cef21a11902c,evt_f54967f88af877dd,Donte DiVincenzo,NBA,17.94,17.17,4.25,0.28,2.7000,3.1800,4.2600,1.6500
$50 NBA Daily 8/10,2020-08-10T23:18:50.702638,estk_f54967f88af877dd8097f00ce37705fe,evt_f54967f88af877dd,Marvin Williams,NBA,18.86,14.83,1.25,0.28,2.2800,5.0000,3.9200,1.3200
$50 NBA Daily 8/10,2020-08-10T23:18:50.702645,estk_f54967f88af877ddf16014e0a040fe5b,evt_f54967f88af877dd,Wesley Matthews,NBA,15.77,10.85,-0.5,0.28,1.7200,3.8200,3.3200,
$50 NBA Daily 8/10,2020-08-10T23:18:50.702660,estk_f54967f88af877ddcc28fb3568e3a1d6,evt_f54967f88af877dd,Kyle Lowry,NBA,0,0,0,0.28,1.0000,8.5600,2.5200,
$50 NBA Daily 8/10,2020-08-10T23:18:50.702663,estk_f54967f88af877dd5cdd05960889fa04,evt_f54967f88af877dd,Serge Ibaka,NBA,0,0,0,0.28,1.0000,2.5200,2.5200,
$50 NBA Daily 8/10,2020-08-10T23:18:50.702667,estk_f54967f88af877ddcd439276c8d11f5d,evt_f54967f88af877dd,Fred VanVleet,NBA,0,0,0,0.28,1.0000,2.5200,2.5200,
$50 NBA Daily 8/10,2020-08-10T23:18:50.702674,estk_f54967f88af877dd12d0c14aa5dfd232,evt_f54967f88af877dd,Giannis Antetokounmpo,NBA,0,0,0,0.28,1.0000,2.5200,2.5200,
$50 NBA Daily 8/10,2020-08-10T23:20:51.967962,estk_f54967f88af877dd7c131e7cfd4ca8ad,evt_f54967f88af877dd,Pascal Siakam,NBA,37.12,31.23,5.25,0.3,8.0500,9.2200,9.9700,7.1100
$50 NBA Daily 8/10,2020-08-10T23:20:51.967975,estk_f54967f88af877ddf2604b3c6ec43ff2,evt_f54967f88af877dd,Khris Middleton,NBA,33.4,30.38,7,0.3,7.6100,7.9700,9.4200,6.6000
$50 NBA Daily 8/10,2020-08-10T23:20:51.967980,estk_f54967f88af877dd6de03cb5c6424ccc,evt_f54967f88af877dd,Norman Powell,NBA,24.01,30.31,13.5,0.3,7.4600,3.5500,9.5200,6.6100
$50 NBA Daily 8/10,2020-08-10T23:20:51.967983,estk_f54967f88af877ddb349a48e189ba3d0,evt_f54967f88af877dd,Pat Connaughton,NBA,16.92,32.84,21,0.3,7.0800,5.4600,8.2900,5.5400
$50 NBA Daily 8/10,2020-08-10T23:20:51.968006,estk_f54967f88af877ddd846b1bc06a60007,evt_f54967f88af877dd,Marc Gasol,NBA,29.05,24.09,3.75,0.3,4.7900,4.1600,6.7500,3.6500
$50 NBA Daily 8/10,2020-08-10T23:20:51.968010,estk_f54967f88af877dd04749763bd15faac,evt_f54967f88af877dd,Eric Bledsoe,NBA,29.23,23.21,2.75,0.3,4.7000,6.2500,6.7200,3.2200
$50 NBA Daily 8/10,2020-08-10T23:20:51.968018,estk_f54967f88af877dd82db34a5ef5dff8e,evt_f54967f88af877dd,OG Anunoby,NBA,23.69,23.58,7,0.3,4.6300,3.7600,5.9100,3.1200
$50 NBA Daily 8/10,2020-08-10T23:20:51.968029,estk_f54967f88af877dd806121a64c461e99,evt_f54967f88af877dd,Brook Lopez,NBA,27.4,20.68,1.5,0.3,3.7500,5.5700,5.5500,2.4700
$50 NBA Daily 8/10,2020-08-10T23:20:51.968036,estk_f54967f88af877dd828daf68b6f4025d,evt_f54967f88af877dd,George Hill,NBA,18.63,20.54,7.5,0.3,3.6400,4.9700,5.4300,2.2700
$50 NBA Daily 8/10,2020-08-10T23:20:51.968061,estk_f54967f88af877dd9076cef21a11902c,evt_f54967f88af877dd,Donte DiVincenzo,NBA,17.94,16.81,4.25,0.3,2.6900,3.1800,4.2600,1.6500
$50 NBA Daily 8/10,2020-08-10T23:20:51.968079,estk_f54967f88af877dd8097f00ce37705fe,evt_f54967f88af877dd,Marvin Williams,NBA,18.86,14.45,1.25,0.3,2.2600,5.0000,3.9200,1.3200
$50 NBA Daily 8/10,2020-08-10T23:20:51.968086,estk_f54967f88af877ddf16014e0a040fe5b,evt_f54967f88af877dd,Wesley Matthews,NBA,15.77,10.54,-0.5,0.3,1.7000,3.8200,3.3200,
$50 NBA Daily 8/10,2020-08-10T23:20:51.968101,estk_f54967f88af877ddcc28fb3568e3a1d6,evt_f54967f88af877dd,Kyle Lowry,NBA,0,0,0,0.3,1.0000,8.5600,2.5200,
$50 NBA Daily 8/10,2020-08-10T23:20:51.968105,estk_f54967f88af877dd5cdd05960889fa04,evt_f54967f88af877dd,Serge Ibaka,NBA,0,0,0,0.3,1.0000,2.5200,2.5200,
$50 NBA Daily 8/10,2020-08-10T23:20:51.968108,estk_f54967f88af877ddcd439276c8d11f5d,evt_f54967f88af877dd,Fred VanVleet,NBA,0,0,0,0.3,1.0000,2.5200,2.5200,
$50 NBA Daily 8/10,2020-08-10T23:20:51.968116,estk_f54967f88af877dd12d0c14aa5dfd232,evt_f54967f88af877dd,Giannis Antetokounmpo,NBA,0,0,0,0.3,1.0000,2.5200,2.5200,
$50 NBA Daily 8/10,2020-08-10T23:22:53.370375,estk_f54967f88af877ddb349a48e189ba3d0,evt_f54967f88af877dd,Pat Connaughton,NBA,16.92,31.84,20.5,0.33,8.5800,5.4600,10.2100,6.9100
$50 NBA Daily 8/10,2020-08-10T23:22:53.370393,estk_f54967f88af877dd7c131e7cfd4ca8ad,evt_f54967f88af877dd,Pascal Siakam,NBA,37.12,30.12,5.25,0.33,7.7100,9.2200,9.3800,6.6300
$50 NBA Daily 8/10,2020-08-10T23:22:53.370397,estk_f54967f88af877ddf2604b3c6ec43ff2,evt_f54967f88af877dd,Khris Middleton,NBA,33.4,31.38,9,0.33,7.2900,7.9700,8.9000,6.9100
$50 NBA Daily 8/10,2020-08-10T23:22:53.370400,estk_f54967f88af877dd6de03cb5c6424ccc,evt_f54967f88af877dd,Norman Powell,NBA,24.01,29.59,13.5,0.33,7.2600,3.5500,8.9400,6.2600
$50 NBA Daily 8/10,2020-08-10T23:22:53.370427,estk_f54967f88af877ddd846b1bc06a60007,evt_f54967f88af877dd,Marc Gasol,NBA,29.05,23.21,3.75,0.33,4.7000,6.2600,6.2600,3.6500
$50 NBA Daily 8/10,2020-08-10T23:22:53.370431,estk_f54967f88af877dd82db34a5ef5dff8e,evt_f54967f88af877dd,OG Anunoby,NBA,23.69,22.87,7,0.33,4.4700,5.9100,5.9100,3.1200
$50 NBA Daily 8/10,2020-08-10T23:22:53.370435,estk_f54967f88af877dd04749763bd15faac,evt_f54967f88af877dd,Eric Bledsoe,NBA,29.23,23.58,4,0.33,4.3200,5.9000,5.9000,3.2200
$50 NBA Daily 8/10,2020-08-10T23:22:53.370454,estk_f54967f88af877dd806121a64c461e99,evt_f54967f88af877dd,Brook Lopez,NBA,27.4,19.36,1,0.33,3.5300,5.1000,5.1000,2.4700
$50 NBA Daily 8/10,2020-08-10T23:22:53.370461,estk_f54967f88af877dd828daf68b6f4025d,evt_f54967f88af877dd,George Hill,NBA,18.63,19.98,7.5,0.33,3.5100,4.9700,5.4300,2.2700
$50 NBA Daily 8/10,2020-08-10T23:22:53.370483,estk_f54967f88af877dd9076cef21a11902c,evt_f54967f88af877dd,Donte DiVincenzo,NBA,17.94,16.27,4.25,0.33,2.5700,4.1500,4.1200,1.6500
$50 NBA Daily 8/10,2020-08-10T23:22:53.370497,estk_f54967f88af877dd8097f00ce37705fe,evt_f54967f88af877dd,Marvin Williams,NBA,18.86,13.89,1.25,0.33,2.1900,3.9200,3.7300,1.3200
$50 NBA Daily 8/10,2020-08-10T23:22:53.370504,estk_f54967f88af877ddf16014e0a040fe5b,evt_f54967f88af877dd,Wesley Matthews,NBA,15.77,10.07,-0.5,0.33,1.6500,3.3200,3.1500,
$50 NBA Daily 8/10,2020-08-10T23:22:53.370519,estk_f54967f88af877ddcc28fb3568e3a1d6,evt_f54967f88af877dd,Kyle Lowry,NBA,0,0,0,0.33,1.0000,2.5200,2.5200,
$50 NBA Daily 8/10,2020-08-10T23:22:53.370522,estk_f54967f88af877dd5cdd05960889fa04,evt_f54967f88af877dd,Serge Ibaka,NBA,0,0,0,0.33,1.0000,2.5200,2.5200,
$50 NBA Daily 8/10,2020-08-10T23:22:53.370526,estk_f54967f88af877ddcd439276c8d11f5d,evt_f54967f88af877dd,Fred VanVleet,NBA,0,0,0,0.33,1.0000,2.5200,2.5200,
$50 NBA Daily 8/10,2020-08-10T23:22:53.370534,estk_f54967f88af877dd12d0c14aa5dfd232,evt_f54967f88af877dd,Giannis Antetokounmpo,NBA,0,0,0,0.33,1.0000,2.5200,2.5200,
$50 NBA Daily 8/10,2020-08-10T23:26:56.010674,estk_f54967f88af877ddb349a48e189ba3d0,evt_f54967f88af877dd,Pat Connaughton,NBA,16.92,31.67,20.5,0.34,8.0600,5.4600,10.2100,6.9100
$50 NBA Daily 8/10,2020-08-10T23:26:56.010679,estk_f54967f88af877ddf2604b3c6ec43ff2,evt_f54967f88af877dd,Khris Middleton,NBA,33.4,30.54,8.5,0.34,7.8900,7.9700,9.5000,6.3000
$50 NBA Daily 8/10,2020-08-10T23:26:56.010683,estk_f54967f88af877dd7c131e7cfd4ca8ad,evt_f54967f88af877dd,Pascal Siakam,NBA,37.12,29.75,5.25,0.34,7.2400,9.2200,8.8700,6.0600
$50 NBA Daily 8/10,2020-08-10T23:26:56.010687,estk_f54967f88af877dd6de03cb5c6424ccc,evt_f54967f88af877dd,Norman Powell,NBA,24.01,30.6,14.75,0.34,6.9800,3.5500,8.9400,5.6400
$50 NBA Daily 8/10,2020-08-10T23:26:56.010713,estk_f54967f88af877dd04749763bd15faac,evt_f54967f88af877dd,Eric Bledsoe,NBA,29.23,23.29,4,0.34,4.4200,5.9000,5.9000,3.2200
$50 NBA Daily 8/10,2020-08-10T23:26:56.010717,estk_f54967f88af877ddd846b1bc06a60007,evt_f54967f88af877dd,Marc Gasol,NBA,29.05,22.92,3.75,0.34,4.3600,6.2600,5.9200,3.1100
$50 NBA Daily 8/10,2020-08-10T23:26:56.010721,estk_f54967f88af877dd82db34a5ef5dff8e,evt_f54967f88af877dd,OG Anunoby,NBA,23.69,22.64,7,0.34,4.2100,5.9100,5.9100,3.1200
$50 NBA Daily 8/10,2020-08-10T23:26:56.010746,estk_f54967f88af877dd828daf68b6f4025d,evt_f54967f88af877dd,George Hill,NBA,18.63,19.8,7.5,0.34,3.3400,4.9700,4.9100,2.2700
$50 NBA Daily 8/10,2020-08-10T23:26:56.010750,estk_f54967f88af877dd806121a64c461e99,evt_f54967f88af877dd,Brook Lopez,NBA,27.4,20.33,2.25,0.34,3.2000,5.1000,4.7600,2.0000
$50 NBA Daily 8/10,2020-08-10T23:26:56.010776,estk_f54967f88af877dd9076cef21a11902c,evt_f54967f88af877dd,Donte DiVincenzo,NBA,17.94,16.09,4.25,0.34,2.4700,4.1500,4.1200,1.6500
$50 NBA Daily 8/10,2020-08-10T23:26:56.010786,estk_f54967f88af877dd8097f00ce37705fe,evt_f54967f88af877dd,Marvin Williams,NBA,18.86,13.7,1.25,0.34,2.0700,3.9200,3.7300,1.0700
$50 NBA Daily 8/10,2020-08-10T23:26:56.010790,estk_f54967f88af877ddf16014e0a040fe5b,evt_f54967f88af877dd,Wesley Matthews,NBA,15.77,9.91,-0.5,0.34,1.5800,3.3200,3.1500,
$50 NBA Daily 8/10,2020-08-10T23:26:56.010805,estk_f54967f88af877ddcc28fb3568e3a1d6,evt_f54967f88af877dd,Kyle Lowry,NBA,0,0,0,0.34,1.0000,2.5200,2.5200,
$50 NBA Daily 8/10,2020-08-10T23:26:56.010808,estk_f54967f88af877dd5cdd05960889fa04,evt_f54967f88af877dd,Serge Ibaka,NBA,0,0,0,0.34,1.0000,2.5200,2.5200,
$50 NBA Daily 8/10,2020-08-10T23:26:56.010812,estk_f54967f88af877ddcd439276c8d11f5d,evt_f54967f88af877dd,Fred VanVleet,NBA,0,0,0,0.34,1.0000,2.5200,2.5200,
$50 NBA Daily 8/10,2020-08-10T23:26:56.010819,estk_f54967f88af877dd12d0c14aa5dfd232,evt_f54967f88af877dd,Giannis Antetokounmpo,NBA,0,0,0,0.34,1.0000,2.5200,2.5200,
$50 NBA Daily 8/10,2020-08-10T23:27:56.682437,estk_f54967f88af877ddb349a48e189ba3d0,evt_f54967f88af877dd,Pat Connaughton,NBA,16.92,31.33,20.5,0.36,8.0300,5.4600,9.6900,6.9100
$50 NBA Daily 8/10,2020-08-10T23:27:56.682447,estk_f54967f88af877dd6de03cb5c6424ccc,evt_f54967f88af877dd,Norman Powell,NBA,24.01,30.12,14.75,0.36,7.4700,3.5500,8.9400,5.8200
$50 NBA Daily 8/10,2020-08-10T23:27:56.682452,estk_f54967f88af877ddf2604b3c6ec43ff2,evt_f54967f88af877dd,Khris Middleton,NBA,33.4,29.88,8.5,0.36,7.4400,7.9700,9.5000,6.3000
$50 NBA Daily 8/10,2020-08-10T23:27:56.682455,estk_f54967f88af877dd7c131e7cfd4ca8ad,evt_f54967f88af877dd,Pascal Siakam,NBA,37.12,29.01,5.25,0.36,7.0200,9.2200,8.8700,6.0600
$50 NBA Daily 8/10,2020-08-10T23:27:56.682481,estk_f54967f88af877dd04749763bd15faac,evt_f54967f88af877dd,Eric Bledsoe,NBA,29.23,22.71,4,0.36,4.3700,5.9000,5.9000,3.2200
$50 NBA Daily 8/10,2020-08-10T23:27:56.682485,estk_f54967f88af877ddd846b1bc06a60007,evt_f54967f88af877dd,Marc Gasol,NBA,29.05,22.34,3.75,0.36,4.1900,6.2600,5.7700,3.1100
$50 NBA Daily 8/10,2020-08-10T23:27:56.682489,estk_f54967f88af877dd82db34a5ef5dff8e,evt_f54967f88af877dd,OG Anunoby,NBA,23.69,22.16,7,0.36,4.1500,5.9100,5.9100,3.1200
$50 NBA Daily 8/10,2020-08-10T23:27:56.682515,estk_f54967f88af877dd806121a64c461e99,evt_f54967f88af877dd,Brook Lopez,NBA,27.4,19.79,2.25,0.36,3.4500,5.1000,4.7600,2.0000
$50 NBA Daily 8/10,2020-08-10T23:27:56.682519,estk_f54967f88af877dd828daf68b6f4025d,evt_f54967f88af877dd,George Hill,NBA,18.63,22.92,11,0.36,3.3100,4.9700,4.9100,2.2700
$50 NBA Daily 8/10,2020-08-10T23:27:56.682544,estk_f54967f88af877dd9076cef21a11902c,evt_f54967f88af877dd,Donte DiVincenzo,NBA,17.94,15.73,4.25,0.36,2.4100,4.1500,4.1200,1.5500
$50 NBA Daily 8/10,2020-08-10T23:27:56.682555,estk_f54967f88af877dd8097f00ce37705fe,evt_f54967f88af877dd,Marvin Williams,NBA,18.86,14.82,2.75,0.36,2.0200,3.9200,3.7300,1.0700
$50 NBA Daily 8/10,2020-08-10T23:27:56.682559,estk_f54967f88af877ddf16014e0a040fe5b,evt_f54967f88af877dd,Wesley Matthews,NBA,15.77,9.59,-0.5,0.36,1.5600,3.3200,3.1500,
$50 NBA Daily 8/10,2020-08-10T23:27:56.682573,estk_f54967f88af877ddcc28fb3568e3a1d6,evt_f54967f88af877dd,Kyle Lowry,NBA,0,0,0,0.36,1.0000,2.5200,2.5200,
$50 NBA Daily 8/10,2020-08-10T23:27:56.682577,estk_f54967f88af877dd5cdd05960889fa04,evt_f54967f88af877dd,Serge Ibaka,NBA,0,0,0,0.36,1.0000,2.5200,2.5200,
$50 NBA Daily 8/10,2020-08-10T23:27:56.682581,estk_f54967f88af877ddcd439276c8d11f5d,evt_f54967f88af877dd,Fred VanVleet,NBA,0,0,0,0.36,1.0000,2.5200,2.5200,
$50 NBA Daily 8/10,2020-08-10T23:27:56.682588,estk_f54967f88af877dd12d0c14aa5dfd232,evt_f54967f88af877dd,Giannis Antetokounmpo,NBA,0,0,0,0.36,1.0000,2.5200,2.5200,
$50 NBA Daily 8/10,2020-08-10T23:28:57.354289,estk_f54967f88af877ddb349a48e189ba3d0,evt_f54967f88af877dd,Pat Connaughton,NBA,16.92,31.16,20.5,0.37,7.9300,5.4600,9.6900,6.9100
$50 NBA Daily 8/10,2020-08-10T23:28:57.354294,estk_f54967f88af877dd6de03cb5c6424ccc,evt_f54967f88af877dd,Norman Powell,NBA,24.01,29.88,14.75,0.37,7.2800,3.5500,8.9400,5.8200
$50 NBA Daily 8/10,2020-08-10T23:28:57.354298,estk_f54967f88af877ddf2604b3c6ec43ff2,evt_f54967f88af877dd,Khris Middleton,NBA,33.4,29.54,8.5,0.37,7.1700,7.9700,8.8100,6.2300
$50 NBA Daily 8/10,2020-08-10T23:28:57.354306,estk_f54967f88af877dd7c131e7cfd4ca8ad,evt_f54967f88af877dd,Pascal Siakam,NBA,37.12,30.64,7.25,0.37,6.6800,9.2200,8.3100,5.6000
$50 NBA Daily 8/10,2020-08-10T23:28:57.354329,estk_f54967f88af877dd828daf68b6f4025d,evt_f54967f88af877dd,George Hill,NBA,18.63,24.24,12.5,0.37,4.2100,4.9700,5.7900,2.2700
$50 NBA Daily 8/10,2020-08-10T23:28:57.354333,estk_f54967f88af877dd04749763bd15faac,evt_f54967f88af877dd,Eric Bledsoe,NBA,29.23,22.41,4,0.37,4.1600,5.9000,5.9000,3.2200
$50 NBA Daily 8/10,2020-08-10T23:28:57.354341,estk_f54967f88af877ddd846b1bc06a60007,evt_f54967f88af877dd,Marc Gasol,NBA,29.05,23.55,5.25,0.37,4.0200,6.2600,5.6000,3.1100
$50 NBA Daily 8/10,2020-08-10T23:28:57.354345,estk_f54967f88af877dd82db34a5ef5dff8e,evt_f54967f88af877dd,OG Anunoby,NBA,23.69,21.92,7,0.37,4.0000,5.9100,5.5800,3.1200
$50 NBA Daily 8/10,2020-08-10T23:28:57.354367,estk_f54967f88af877dd806121a64c461e99,evt_f54967f88af877dd,Brook Lopez,NBA,27.4,19.51,2.25,0.37,3.2700,5.1000,4.7600,2.0000
$50 NBA Daily 8/10,2020-08-10T23:28:57.354396,estk_f54967f88af877dd9076cef21a11902c,evt_f54967f88af877dd,Donte DiVincenzo,NBA,17.94,15.55,4.25,0.37,2.3100,4.1500,4.1200,1.5000
$50 NBA Daily 8/10,2020-08-10T23:28:57.354399,estk_f54967f88af877dd8097f00ce37705fe,evt_f54967f88af877dd,Marvin Williams,NBA,18.86,18.13,6.25,0.37,2.1800,3.9200,3.7300,1.0700
$50 NBA Daily 8/10,2020-08-10T23:28:57.354410,estk_f54967f88af877ddf16014e0a040fe5b,evt_f54967f88af877dd,Wesley Matthews,NBA,15.77,9.44,-0.5,0.37,1.5100,3.3200,3.1500,
$50 NBA Daily 8/10,2020-08-10T23:28:57.354421,estk_f54967f88af877ddcc28fb3568e3a1d6,evt_f54967f88af877dd,Kyle Lowry,NBA,0,0,0,0.37,1.0000,2.5200,2.5200,
$50 NBA Daily 8/10,2020-08-10T23:28:57.354425,estk_f54967f88af877dd5cdd05960889fa04,evt_f54967f88af877dd,Serge Ibaka,NBA,0,0,0,0.37,1.0000,2.5200,2.5200,
$50 NBA Daily 8/10,2020-08-10T23:28:57.354428,estk_f54967f88af877ddcd439276c8d11f5d,evt_f54967f88af877dd,Fred VanVleet,NBA,0,0,0,0.37,1.0000,2.5200,2.5200,
$50 NBA Daily 8/10,2020-08-10T23:28:57.354436,estk_f54967f88af877dd12d0c14aa5dfd232,evt_f54967f88af877dd,Giannis Antetokounmpo,NBA,0,0,0,0.37,1.0000,2.5200,2.5200,
$50 NBA Daily 8/10,2020-08-10T23:30:58.681884,estk_f54967f88af877ddb349a48e189ba3d0,evt_f54967f88af877dd,Pat Connaughton,NBA,16.92,30.82,20.5,0.39,7.7700,5.4600,9.6900,6.4500
$50 NBA Daily 8/10,2020-08-10T23:30:58.681889,estk_f54967f88af877dd7c131e7cfd4ca8ad,evt_f54967f88af877dd,Pascal Siakam,NBA,37.12,30.64,8,0.39,7.5100,9.2200,9.1600,5.8600
$50 NBA Daily 8/10,2020-08-10T23:30:58.681893,estk_f54967f88af877dd6de03cb5c6424ccc,evt_f54967f88af877dd,Norman Powell,NBA,24.01,32.9,18.25,0.39,7.0600,3.5500,8.9400,5.8200
$50 NBA Daily 8/10,2020-08-10T23:30:58.681901,estk_f54967f88af877ddf2604b3c6ec43ff2,evt_f54967f88af877dd,Khris Middleton,NBA,33.4,30.87,10.5,0.39,6.8600,7.9700,8.8100,5.2200
$50 NBA Daily 8/10,2020-08-10T23:30:58.681923,estk_f54967f88af877dd828daf68b6f4025d,evt_f54967f88af877dd,George Hill,NBA,18.63,23.36,12,0.39,4.6500,4.9700,5.7900,3.0600
$50 NBA Daily 8/10,2020-08-10T23:30:58.681927,estk_f54967f88af877ddd846b1bc06a60007,evt_f54967f88af877dd,Marc Gasol,NBA,29.05,24.72,7,0.39,4.3300,6.2600,5.6000,3.1100
$50 NBA Daily 8/10,2020-08-10T23:30:58.681934,estk_f54967f88af877dd04749763bd15faac,evt_f54967f88af877dd,Eric Bledsoe,NBA,29.23,21.83,4,0.39,3.9900,5.9000,5.9000,2.9000
$50 NBA Daily 8/10,2020-08-10T23:30:58.681942,estk_f54967f88af877dd82db34a5ef5dff8e,evt_f54967f88af877dd,OG Anunoby,NBA,23.69,21.45,7,0.39,3.8500,5.9100,5.5800,2.6700
$50 NBA Daily 8/10,2020-08-10T23:30:58.681968,estk_f54967f88af877dd806121a64c461e99,evt_f54967f88af877dd,Brook Lopez,NBA,27.4,18.96,2.25,0.39,3.1200,5.1000,4.7600,2.0000
$50 NBA Daily 8/10,2020-08-10T23:30:58.681976,estk_f54967f88af877dd8097f00ce37705fe,evt_f54967f88af877dd,Marvin Williams,NBA,18.86,17.75,6.25,0.39,2.7800,3.9200,3.9200,1.2200
$50 NBA Daily 8/10,2020-08-10T23:30:58.681994,estk_f54967f88af877dd9076cef21a11902c,evt_f54967f88af877dd,Donte DiVincenzo,NBA,17.94,14.69,3.75,0.39,2.2600,4.1500,4.1200,1.4600
$50 NBA Daily 8/10,2020-08-10T23:30:58.682005,estk_f54967f88af877ddf16014e0a040fe5b,evt_f54967f88af877dd,Wesley Matthews,NBA,15.77,9.12,-0.5,0.39,1.4600,3.3200,3.1500,
$50 NBA Daily 8/10,2020-08-10T23:30:58.682016,estk_f54967f88af877ddcc28fb3568e3a1d6,evt_f54967f88af877dd,Kyle Lowry,NBA,0,0,0,0.39,1.0000,2.5200,2.5200,
$50 NBA Daily 8/10,2020-08-10T23:30:58.682019,estk_f54967f88af877dd5cdd05960889fa04,evt_f54967f88af877dd,Serge Ibaka,NBA,0,0,0,0.39,1.0000,2.5200,2.5200,
$50 NBA Daily 8/10,2020-08-10T23:30:58.682023,estk_f54967f88af877ddcd439276c8d11f5d,evt_f54967f88af877dd,Fred VanVleet,NBA,0,0,0,0.39,1.0000,2.5200,2.5200,
$50 NBA Daily 8/10,2020-08-10T23:30:58.682031,estk_f54967f88af877dd12d0c14aa5dfd232,evt_f54967f88af877dd,Giannis Antetokounmpo,NBA,0,0,0,0.39,1.0000,2.5200,2.5200,
$50 NBA Daily 8/10,2020-08-10T23:31:59.327948,estk_f54967f88af877ddb349a48e189ba3d0,evt_f54967f88af877dd,Pat Connaughton,NBA,16.92,30.48,20.5,0.41,7.7700,5.4600,9.6900,6.4500
$50 NBA Daily 8/10,2020-08-10T23:31:59.327953,estk_f54967f88af877dd7c131e7cfd4ca8ad,evt_f54967f88af877dd,Pascal Siakam,NBA,37.12,30.65,8.75,0.41,7.5100,9.2200,9.1600,5.8600
$50 NBA Daily 8/10,2020-08-10T23:31:59.327957,estk_f54967f88af877dd6de03cb5c6424ccc,evt_f54967f88af877dd,Norman Powell,NBA,24.01,36.42,22.25,0.41,7.0600,3.5500,8.9400,5.8200
$50 NBA Daily 8/10,2020-08-10T23:31:59.327961,estk_f54967f88af877ddf2604b3c6ec43ff2,evt_f54967f88af877dd,Khris Middleton,NBA,33.4,29.71,10,0.41,6.8600,7.9700,8.8100,5.2200
$50 NBA Daily 8/10,2020-08-10T23:31:59.327986,estk_f54967f88af877ddd846b1bc06a60007,evt_f54967f88af877dd,Marc Gasol,NBA,29.05,24.14,7,0.41,4.3300,6.2600,5.6000,3.1100
$50 NBA Daily 8/10,2020-08-10T23:31:59.327990,estk_f54967f88af877dd828daf68b6f4025d,evt_f54967f88af877dd,George Hill,NBA,18.63,22.99,12,0.41,4.2600,4.9700,5.7900,3.0600
$50 NBA Daily 8/10,2020-08-10T23:31:59.327998,estk_f54967f88af877dd04749763bd15faac,evt_f54967f88af877dd,Eric Bledsoe,NBA,29.23,21.25,4,0.41,3.9900,5.9000,5.9000,2.9000
$50 NBA Daily 8/10,2020-08-10T23:31:59.328005,estk_f54967f88af877dd82db34a5ef5dff8e,evt_f54967f88af877dd,OG Anunoby,NBA,23.69,20.98,7,0.41,3.8500,5.9100,5.5800,2.6700
$50 NBA Daily 8/10,2020-08-10T23:31:59.328031,estk_f54967f88af877dd806121a64c461e99,evt_f54967f88af877dd,Brook Lopez,NBA,27.4,17.42,1.25,0.41,3.1200,5.1000,4.7600,2.0000
$50 NBA Daily 8/10,2020-08-10T23:31:59.328038,estk_f54967f88af877dd8097f00ce37705fe,evt_f54967f88af877dd,Marvin Williams,NBA,18.86,17.38,6.25,0.41,2.7800,3.9200,3.9200,1.2200
$50 NBA Daily 8/10,2020-08-10T23:31:59.328057,estk_f54967f88af877dd9076cef21a11902c,evt_f54967f88af877dd,Donte DiVincenzo,NBA,17.94,16.33,5.75,0.41,2.2600,4.1500,4.1200,1.4600
$50 NBA Daily 8/10,2020-08-10T23:31:59.328067,estk_f54967f88af877ddf16014e0a040fe5b,evt_f54967f88af877dd,Wesley Matthews,NBA,15.77,8.8,-0.5,0.41,1.4200,3.3200,3.1500,
$50 NBA Daily 8/10,2020-08-10T23:31:59.328078,estk_f54967f88af877ddcc28fb3568e3a1d6,evt_f54967f88af877dd,Kyle Lowry,NBA,0,0,0,0.41,1.0000,2.5200,2.5200,
$50 NBA Daily 8/10,2020-08-10T23:31:59.328081,estk_f54967f88af877dd5cdd05960889fa04,evt_f54967f88af877dd,Serge Ibaka,NBA,0,0,0,0.41,1.0000,2.5200,2.5200,
$50 NBA Daily 8/10,2020-08-10T23:31:59.328085,estk_f54967f88af877ddcd439276c8d11f5d,evt_f54967f88af877dd,Fred VanVleet,NBA,0,0,0,0.41,1.0000,2.5200,2.5200,
$50 NBA Daily 8/10,2020-08-10T23:31:59.328092,estk_f54967f88af877dd12d0c14aa5dfd232,evt_f54967f88af877dd,Giannis Antetokounmpo,NBA,0,0,0,0.41,1.0000,2.5200,2.5200,
$50 NBA Daily 8/10,2020-08-10T23:34:00.754500,estk_f54967f88af877dd6de03cb5c6424ccc,evt_f54967f88af877dd,Norman Powell,NBA,24.01,37.18,23.25,0.42,10.6100,3.5500,12.3000,8.8800
$50 NBA Daily 8/10,2020-08-10T23:34:00.754525,estk_f54967f88af877dd7c131e7cfd4ca8ad,evt_f54967f88af877dd,Pascal Siakam,NBA,37.12,30.28,8.75,0.42,7.3300,9.2200,9.1600,5.8600
$50 NBA Daily 8/10,2020-08-10T23:34:00.754529,estk_f54967f88af877ddb349a48e189ba3d0,evt_f54967f88af877dd,Pat Connaughton,NBA,16.92,30.31,20.5,0.42,7.3000,5.4600,8.9300,6.1100
$50 NBA Daily 8/10,2020-08-10T23:34:00.754537,estk_f54967f88af877ddf2604b3c6ec43ff2,evt_f54967f88af877dd,Khris Middleton,NBA,33.4,29.37,10,0.42,6.8400,7.9700,8.8100,5.2300
$50 NBA Daily 8/10,2020-08-10T23:34:00.754559,estk_f54967f88af877ddd846b1bc06a60007,evt_f54967f88af877dd,Marc Gasol,NBA,29.05,23.85,7,0.42,4.5800,5.7700,5.7700,3.1100
$50 NBA Daily 8/10,2020-08-10T23:34:00.754563,estk_f54967f88af877dd828daf68b6f4025d,evt_f54967f88af877dd,George Hill,NBA,18.63,26.31,15.5,0.42,4.1100,4.9700,5.7900,3.0600
$50 NBA Daily 8/10,2020-08-10T23:34:00.754585,estk_f54967f88af877dd04749763bd15faac,evt_f54967f88af877dd,Eric Bledsoe,NBA,29.23,20.95,4,0.42,3.5400,5.1100,5.1100,2.4100
$50 NBA Daily 8/10,2020-08-10T23:34:00.754589,estk_f54967f88af877dd82db34a5ef5dff8e,evt_f54967f88af877dd,OG Anunoby,NBA,23.69,20.74,7,0.42,3.4700,5.9100,5.0500,2.6500
$50 NBA Daily 8/10,2020-08-10T23:34:00.754614,estk_f54967f88af877dd806121a64c461e99,evt_f54967f88af877dd,Brook Lopez,NBA,27.4,17.14,1.25,0.42,2.5800,4.1200,4.1200,1.7000
$50 NBA Daily 8/10,2020-08-10T23:34:00.754618,estk_f54967f88af877dd8097f00ce37705fe,evt_f54967f88af877dd,Marvin Williams,NBA,18.86,17.19,6.25,0.42,2.5600,3.9200,3.9200,1.2200
$50 NBA Daily 8/10,2020-08-10T23:34:00.754625,estk_f54967f88af877dd9076cef21a11902c,evt_f54967f88af877dd,Donte DiVincenzo,NBA,17.94,16.16,5.75,0.42,2.3800,4.1200,3.9000,1.4600
$50 NBA Daily 8/10,2020-08-10T23:34:00.754643,estk_f54967f88af877ddf16014e0a040fe5b,evt_f54967f88af877dd,Wesley Matthews,NBA,15.77,8.65,-0.5,0.42,1.3800,3.3200,3.1500,
$50 NBA Daily 8/10,2020-08-10T23:34:00.754650,estk_f54967f88af877ddcc28fb3568e3a1d6,evt_f54967f88af877dd,Kyle Lowry,NBA,0,0,0,0.42,1.0000,2.5200,2.5200,
$50 NBA Daily 8/10,2020-08-10T23:34:00.754654,estk_f54967f88af877dd5cdd05960889fa04,evt_f54967f88af877dd,Serge Ibaka,NBA,0,0,0,0.42,1.0000,2.5200,2.5200,
$50 NBA Daily 8/10,2020-08-10T23:34:00.754658,estk_f54967f88af877ddcd439276c8d11f5d,evt_f54967f88af877dd,Fred VanVleet,NBA,0,0,0,0.42,1.0000,2.5200,2.5200,
$50 NBA Daily 8/10,2020-08-10T23:34:00.754666,estk_f54967f88af877dd12d0c14aa5dfd232,evt_f54967f88af877dd,Giannis Antetokounmpo,NBA,0,0,0,0.42,1.0000,2.5200,2.5200,
$50 NBA Daily 8/10,2020-08-10T23:35:01.456038,estk_f54967f88af877dd6de03cb5c6424ccc,evt_f54967f88af877dd,Norman Powell,NBA,24.01,38.44,24.75,0.43,11.0200,3.5500,12.3000,9.3000
$50 NBA Daily 8/10,2020-08-10T23:35:01.456064,estk_f54967f88af877dd7c131e7cfd4ca8ad,evt_f54967f88af877dd,Pascal Siakam,NBA,37.12,32.16,11,0.43,7.1300,9.2200,9.1600,5.8600
$50 NBA Daily 8/10,2020-08-10T23:35:01.456068,estk_f54967f88af877ddb349a48e189ba3d0,evt_f54967f88af877dd,Pat Connaughton,NBA,16.92,30.14,20.5,0.43,7.1000,5.4600,8.9300,6.1100
$50 NBA Daily 8/10,2020-08-10T23:35:01.456076,estk_f54967f88af877ddf2604b3c6ec43ff2,evt_f54967f88af877dd,Khris Middleton,NBA,33.4,29.04,10,0.43,6.6600,7.9700,8.2900,5.2300
$50 NBA Daily 8/10,2020-08-10T23:35:01.456088,estk_f54967f88af877dd828daf68b6f4025d,evt_f54967f88af877dd,George Hill,NBA,18.63,26.87,16.25,0.43,5.3000,4.9700,6.9100,3.6900
$50 NBA Daily 8/10,2020-08-10T23:35:01.456106,estk_f54967f88af877ddd846b1bc06a60007,evt_f54967f88af877dd,Marc Gasol,NBA,29.05,25.56,9,0.43,4.3600,5.7700,5.7700,3.1100
$50 NBA Daily 8/10,2020-08-10T23:35:01.456132,estk_f54967f88af877dd04749763bd15faac,evt_f54967f88af877dd,Eric Bledsoe,NBA,29.23,20.66,4,0.43,3.4000,5.1100,5.1100,2.4100
$50 NBA Daily 8/10,2020-08-10T23:35:01.456136,estk_f54967f88af877dd82db34a5ef5dff8e,evt_f54967f88af877dd,OG Anunoby,NBA,23.69,20.5,7,0.43,3.3600,5.9100,5.0500,2.3700
$50 NBA Daily 8/10,2020-08-10T23:35:01.456158,estk_f54967f88af877dd8097f00ce37705fe,evt_f54967f88af877dd,Marvin Williams,NBA,18.86,19.75,9,0.43,2.5100,3.9200,3.9200,1.2200
$50 NBA Daily 8/10,2020-08-10T23:35:01.456162,estk_f54967f88af877dd806121a64c461e99,evt_f54967f88af877dd,Brook Lopez,NBA,27.4,16.87,1.25,0.43,2.5000,4.1200,4.1200,1.7000
$50 NBA Daily 8/10,2020-08-10T23:35:01.456173,estk_f54967f88af877dd9076cef21a11902c,evt_f54967f88af877dd,Donte DiVincenzo,NBA,17.94,15.98,5.75,0.43,2.2800,4.1200,3.9000,1.4600
$50 NBA Daily 8/10,2020-08-10T23:35:01.456677,estk_f54967f88af877ddf16014e0a040fe5b,evt_f54967f88af877dd,Wesley Matthews,NBA,15.77,8.49,-0.5,0.43,1.3600,3.3200,3.1500,
$50 NBA Daily 8/10,2020-08-10T23:35:01.456685,estk_f54967f88af877ddcc28fb3568e3a1d6,evt_f54967f88af877dd,Kyle Lowry,NBA,0,0,0,0.43,1.0000,2.5200,2.5200,
$50 NBA Daily 8/10,2020-08-10T23:35:01.456689,estk_f54967f88af877dd5cdd05960889fa04,evt_f54967f88af877dd,Serge Ibaka,NBA,0,0,0,0.43,1.0000,2.5200,2.5200,
$50 NBA Daily 8/10,2020-08-10T23:35:01.456693,estk_f54967f88af877ddcd439276c8d11f5d,evt_f54967f88af877dd,Fred VanVleet,NBA,0,0,0,0.43,1.0000,2.5200,2.5200,
$50 NBA Daily 8/10,2020-08-10T23:35:01.456701,estk_f54967f88af877dd12d0c14aa5dfd232,evt_f54967f88af877dd,Giannis Antetokounmpo,NBA,0,0,0,0.43,1.0000,2.5200,2.5200,
$50 NBA Daily 8/10,2020-08-10T23:38:03.398293,estk_f54967f88af877dd6de03cb5c6424ccc,evt_f54967f88af877dd,Norman Powell,NBA,24.01,36.72,23.75,0.46,11.7000,3.5500,13.4000,9.3000
$50 NBA Daily 8/10,2020-08-10T23:38:03.398311,estk_f54967f88af877dd7c131e7cfd4ca8ad,evt_f54967f88af877dd,Pascal Siakam,NBA,37.12,31.54,11.5,0.46,8.0200,9.2200,9.6800,6.2900
$50 NBA Daily 8/10,2020-08-10T23:38:03.398323,estk_f54967f88af877ddb349a48e189ba3d0,evt_f54967f88af877dd,Pat Connaughton,NBA,16.92,29.64,20.5,0.46,6.9900,5.4600,8.9300,5.6500
$50 NBA Daily 8/10,2020-08-10T23:38:03.398330,estk_f54967f88af877ddf2604b3c6ec43ff2,evt_f54967f88af877dd,Khris Middleton,NBA,33.4,28.04,10,0.46,6.4700,7.9700,8.2900,5.2300
$50 NBA Daily 8/10,2020-08-10T23:38:03.398338,estk_f54967f88af877dd828daf68b6f4025d,evt_f54967f88af877dd,George Hill,NBA,18.63,25.81,15.75,0.46,5.4200,4.9700,6.9100,3.8400
$50 NBA Daily 8/10,2020-08-10T23:38:03.398354,estk_f54967f88af877ddd846b1bc06a60007,evt_f54967f88af877dd,Marc Gasol,NBA,29.05,25.94,10.25,0.46,4.8600,5.7700,6.1000,3.3100
$50 NBA Daily 8/10,2020-08-10T23:38:03.398383,estk_f54967f88af877dd04749763bd15faac,evt_f54967f88af877dd,Eric Bledsoe,NBA,29.23,25.28,9.5,0.46,3.3000,5.1100,5.1100,2.4100
$50 NBA Daily 8/10,2020-08-10T23:38:03.398387,estk_f54967f88af877dd82db34a5ef5dff8e,evt_f54967f88af877dd,OG Anunoby,NBA,23.69,19.79,7,0.46,3.2500,5.9100,5.0500,2.3700
$50 NBA Daily 8/10,2020-08-10T23:38:03.398399,estk_f54967f88af877dd8097f00ce37705fe,evt_f54967f88af877dd,Marvin Williams,NBA,18.86,18.68,8.5,0.46,3.0100,3.9200,4.1200,1.4900
$50 NBA Daily 8/10,2020-08-10T23:38:03.398417,estk_f54967f88af877dd806121a64c461e99,evt_f54967f88af877dd,Brook Lopez,NBA,27.4,16.05,1.25,0.46,2.3800,4.1200,4.1200,1.0200
$50 NBA Daily 8/10,2020-08-10T23:38:03.398424,estk_f54967f88af877dd9076cef21a11902c,evt_f54967f88af877dd,Donte DiVincenzo,NBA,17.94,15.44,5.75,0.46,2.2000,4.1200,3.7400,1.3300
$50 NBA Daily 8/10,2020-08-10T23:38:03.398439,estk_f54967f88af877ddf16014e0a040fe5b,evt_f54967f88af877dd,Wesley Matthews,NBA,15.77,8.02,-0.5,0.46,1.3100,3.3200,3.1500,
$50 NBA Daily 8/10,2020-08-10T23:38:03.398446,estk_f54967f88af877ddcc28fb3568e3a1d6,evt_f54967f88af877dd,Kyle Lowry,NBA,0,0,0,0.46,1.0000,2.5200,2.5200,
$50 NBA Daily 8/10,2020-08-10T23:38:03.398450,estk_f54967f88af877dd5cdd05960889fa04,evt_f54967f88af877dd,Serge Ibaka,NBA,0,0,0,0.46,1.0000,2.5200,2.5200,
$50 NBA Daily 8/10,2020-08-10T23:38:03.398454,estk_f54967f88af877ddcd439276c8d11f5d,evt_f54967f88af877dd,Fred VanVleet,NBA,0,0,0,0.46,1.0000,2.5200,2.5200,
$50 NBA Daily 8/10,2020-08-10T23:38:03.398462,estk_f54967f88af877dd12d0c14aa5dfd232,evt_f54967f88af877dd,Giannis Antetokounmpo,NBA,0,0,0,0.46,1.0000,2.5200,2.5200,
$50 NBA Daily 8/10,2020-08-10T23:42:06.146608,estk_f54967f88af877dd6de03cb5c6424ccc,evt_f54967f88af877dd,Norman Powell,NBA,24.01,36.48,23.75,0.47,10.4800,3.5500,12.3600,8.9400
$50 NBA Daily 8/10,2020-08-10T23:42:06.146613,estk_f54967f88af877dd7c131e7cfd4ca8ad,evt_f54967f88af877dd,Pascal Siakam,NBA,37.12,34.17,14.5,0.47,9.1900,9.2200,9.6800,6.2900
$50 NBA Daily 8/10,2020-08-10T23:42:06.146640,estk_f54967f88af877ddb349a48e189ba3d0,evt_f54967f88af877dd,Pat Connaughton,NBA,16.92,28.97,20,0.47,6.3600,8.3300,8.3300,5.6500
$50 NBA Daily 8/10,2020-08-10T23:42:06.146648,estk_f54967f88af877ddf2604b3c6ec43ff2,evt_f54967f88af877dd,Khris Middleton,NBA,33.4,27.7,10,0.47,5.7800,7.5800,7.5800,4.3600
$50 NBA Daily 8/10,2020-08-10T23:42:06.146659,estk_f54967f88af877dd04749763bd15faac,evt_f54967f88af877dd,Eric Bledsoe,NBA,29.23,26.24,10.75,0.47,5.1400,5.1100,6.4200,3.2200
$50 NBA Daily 8/10,2020-08-10T23:42:06.146667,estk_f54967f88af877ddd846b1bc06a60007,evt_f54967f88af877dd,Marc Gasol,NBA,29.05,25.65,10.25,0.47,4.9200,5.7700,6.4900,3.4500
$50 NBA Daily 8/10,2020-08-10T23:42:06.146671,estk_f54967f88af877dd828daf68b6f4025d,evt_f54967f88af877dd,George Hill,NBA,18.63,25.62,15.75,0.47,4.8800,4.9700,6.9100,3.8400
$50 NBA Daily 8/10,2020-08-10T23:42:06.146707,estk_f54967f88af877dd82db34a5ef5dff8e,evt_f54967f88af877dd,OG Anunoby,NBA,23.69,19.56,7,0.47,2.8800,5.9100,4.5400,1.9100
$50 NBA Daily 8/10,2020-08-10T23:42:06.146715,estk_f54967f88af877dd8097f00ce37705fe,evt_f54967f88af877dd,Marvin Williams,NBA,18.86,18.5,8.5,0.47,2.6700,3.9200,4.1200,1.4900
$50 NBA Daily 8/10,2020-08-10T23:42:06.146733,estk_f54967f88af877dd806121a64c461e99,evt_f54967f88af877dd,Brook Lopez,NBA,27.4,15.77,1.25,0.47,2.1200,4.1200,3.7200,1.0200
$50 NBA Daily 8/10,2020-08-10T23:42:06.146740,estk_f54967f88af877dd9076cef21a11902c,evt_f54967f88af877dd,Donte DiVincenzo,NBA,17.94,15.26,5.75,0.47,2.0200,4.1200,3.6300,1.2200
$50 NBA Daily 8/10,2020-08-10T23:42:06.146751,estk_f54967f88af877ddf16014e0a040fe5b,evt_f54967f88af877dd,Wesley Matthews,NBA,15.77,7.86,-0.5,0.47,1.2500,3.3200,2.8100,
$50 NBA Daily 8/10,2020-08-10T23:42:06.146758,estk_f54967f88af877ddcc28fb3568e3a1d6,evt_f54967f88af877dd,Kyle Lowry,NBA,0,0,0,0.47,1.0000,2.5200,2.5200,
$50 NBA Daily 8/10,2020-08-10T23:42:06.146762,estk_f54967f88af877dd5cdd05960889fa04,evt_f54967f88af877dd,Serge Ibaka,NBA,0,0,0,0.47,1.0000,2.5200,2.5200,
$50 NBA Daily 8/10,2020-08-10T23:42:06.146766,estk_f54967f88af877ddcd439276c8d11f5d,evt_f54967f88af877dd,Fred VanVleet,NBA,0,0,0,0.47,1.0000,2.5200,2.5200,
$50 NBA Daily 8/10,2020-08-10T23:42:06.146773,estk_f54967f88af877dd12d0c14aa5dfd232,evt_f54967f88af877dd,Giannis Antetokounmpo,NBA,0,0,0,0.47,1.0000,2.5200,2.5200,
$50 NBA Daily 8/10,2020-08-10T23:43:06.826367,estk_f54967f88af877dd6de03cb5c6424ccc,evt_f54967f88af877dd,Norman Powell,NBA,24.01,40.75,28.5,0.49,13.1400,3.5500,12.3600,8.9400
$50 NBA Daily 8/10,2020-08-10T23:43:06.826380,estk_f54967f88af877dd7c131e7cfd4ca8ad,evt_f54967f88af877dd,Pascal Siakam,NBA,37.12,33.43,14.5,0.49,8.6000,9.2200,10.8700,
$50 NBA Daily 8/10,2020-08-10T23:43:06.826403,estk_f54967f88af877ddb349a48e189ba3d0,evt_f54967f88af877dd,Pat Connaughton,NBA,16.92,28.13,19.5,0.49,5.9400,8.3300,8.3300,5.4600
$50 NBA Daily 8/10,2020-08-10T23:43:06.826411,estk_f54967f88af877ddf2604b3c6ec43ff2,evt_f54967f88af877dd,Khris Middleton,NBA,33.4,27.03,10,0.49,5.4100,7.5800,7.5800,4.3600
$50 NBA Daily 8/10,2020-08-10T23:43:06.826415,estk_f54967f88af877ddd846b1bc06a60007,evt_f54967f88af877dd,Marc Gasol,NBA,29.05,26.57,11.75,0.49,5.2300,6.4900,6.4900,3.4500
$50 NBA Daily 8/10,2020-08-10T23:43:06.826427,estk_f54967f88af877dd828daf68b6f4025d,evt_f54967f88af877dd,George Hill,NBA,18.63,25.25,15.75,0.49,4.7400,6.9100,6.9100,3.4000
$50 NBA Daily 8/10,2020-08-10T23:43:06.826434,estk_f54967f88af877dd04749763bd15faac,evt_f54967f88af877dd,Eric Bledsoe,NBA,29.23,25.16,10.25,0.49,4.7100,6.4200,6.4200,3.2200
$50 NBA Daily 8/10,2020-08-10T23:43:06.826467,estk_f54967f88af877dd82db34a5ef5dff8e,evt_f54967f88af877dd,OG Anunoby,NBA,23.69,19.08,7,0.49,2.7800,4.5400,4.4400,1.9100
$50 NBA Daily 8/10,2020-08-10T23:43:06.826482,estk_f54967f88af877dd8097f00ce37705fe,evt_f54967f88af877dd,Marvin Williams,NBA,18.86,18.12,8.5,0.49,2.5700,4.1200,4.2200,1.4900
$50 NBA Daily 8/10,2020-08-10T23:43:06.826496,estk_f54967f88af877dd806121a64c461e99,evt_f54967f88af877dd,Brook Lopez,NBA,27.4,15.22,1.25,0.49,2.0000,4.1200,3.7200,1.0200
$50 NBA Daily 8/10,2020-08-10T23:43:06.826500,estk_f54967f88af877dd9076cef21a11902c,evt_f54967f88af877dd,Donte DiVincenzo,NBA,17.94,14.9,5.75,0.49,1.9500,3.6300,3.5600,1.2200
$50 NBA Daily 8/10,2020-08-10T23:43:06.826511,estk_f54967f88af877ddf16014e0a040fe5b,evt_f54967f88af877dd,Wesley Matthews,NBA,15.77,7.54,-0.5,0.49,1.2400,2.8100,2.7800,
$50 NBA Daily 8/10,2020-08-10T23:43:06.826519,estk_f54967f88af877ddcc28fb3568e3a1d6,evt_f54967f88af877dd,Kyle Lowry,NBA,0,0,0,0.49,1.0000,2.5200,2.5200,
$50 NBA Daily 8/10,2020-08-10T23:43:06.826522,estk_f54967f88af877dd5cdd05960889fa04,evt_f54967f88af877dd,Serge Ibaka,NBA,0,0,0,0.49,1.0000,2.5200,2.5200,
$50 NBA Daily 8/10,2020-08-10T23:43:06.826526,estk_f54967f88af877ddcd439276c8d11f5d,evt_f54967f88af877dd,Fred VanVleet,NBA,0,0,0,0.49,1.0000,2.5200,2.5200,
$50 NBA Daily 8/10,2020-08-10T23:43:06.826534,estk_f54967f88af877dd12d0c14aa5dfd232,evt_f54967f88af877dd,Giannis Antetokounmpo,NBA,0,0,0,0.49,1.0000,2.5200,2.5200,
$50 NBA Daily 8/10,2020-08-10T23:45:08.296984,estk_f54967f88af877dd6de03cb5c6424ccc,evt_f54967f88af877dd,Norman Powell,NBA,24.01,40.51,28.5,0.5,13.1400,3.5500,14.9000,11.3800
$50 NBA Daily 8/10,2020-08-10T23:45:08.296998,estk_f54967f88af877dd7c131e7cfd4ca8ad,evt_f54967f88af877dd,Pascal Siakam,NBA,37.12,36.56,18,0.5,8.5900,9.2200,10.2700,6.9300
$50 NBA Daily 8/10,2020-08-10T23:45:08.297021,estk_f54967f88af877ddb349a48e189ba3d0,evt_f54967f88af877dd,Pat Connaughton,NBA,16.92,27.96,19.5,0.5,5.9400,8.3300,7.5600,5.0700
$50 NBA Daily 8/10,2020-08-10T23:45:08.297028,estk_f54967f88af877ddf2604b3c6ec43ff2,evt_f54967f88af877dd,Khris Middleton,NBA,33.4,26.7,10,0.5,5.4100,7.5800,7.0200,4.3600
$50 NBA Daily 8/10,2020-08-10T23:45:08.297032,estk_f54967f88af877ddd846b1bc06a60007,evt_f54967f88af877dd,Marc Gasol,NBA,29.05,27.77,13.25,0.5,5.2400,6.4900,6.4900,3.6300
$50 NBA Daily 8/10,2020-08-10T23:45:08.297044,estk_f54967f88af877dd04749763bd15faac,evt_f54967f88af877dd,Eric Bledsoe,NBA,29.23,24.87,10.25,0.5,4.7000,6.4200,6.4200,3.2200
$50 NBA Daily 8/10,2020-08-10T23:45:08.297051,estk_f54967f88af877dd828daf68b6f4025d,evt_f54967f88af877dd,George Hill,NBA,18.63,25.06,15.75,0.5,4.6900,6.9100,6.3300,3.4000
$50 NBA Daily 8/10,2020-08-10T23:45:08.297087,estk_f54967f88af877dd82db34a5ef5dff8e,evt_f54967f88af877dd,OG Anunoby,NBA,23.69,18.84,7,0.5,2.7800,4.5400,4.4400,1.9100
$50 NBA Daily 8/10,2020-08-10T23:45:08.297098,estk_f54967f88af877dd8097f00ce37705fe,evt_f54967f88af877dd,Marvin Williams,NBA,18.86,17.93,8.5,0.5,2.5600,4.1200,4.2200,1.2200
$50 NBA Daily 8/10,2020-08-10T23:45:08.297113,estk_f54967f88af877dd806121a64c461e99,evt_f54967f88af877dd,Brook Lopez,NBA,27.4,14.95,1.25,0.5,2.0100,4.1200,3.5400,1.0200
$50 NBA Daily 8/10,2020-08-10T23:45:08.297116,estk_f54967f88af877dd9076cef21a11902c,evt_f54967f88af877dd,Donte DiVincenzo,NBA,17.94,14.72,5.75,0.5,1.9300,3.6300,3.5600,1.0200
$50 NBA Daily 8/10,2020-08-10T23:45:08.297127,estk_f54967f88af877ddf16014e0a040fe5b,evt_f54967f88af877dd,Wesley Matthews,NBA,15.77,7.38,-0.5,0.5,1.2300,2.8100,2.7800,
$50 NBA Daily 8/10,2020-08-10T23:45:08.297134,estk_f54967f88af877ddcc28fb3568e3a1d6,evt_f54967f88af877dd,Kyle Lowry,NBA,0,0,0,0.5,1.0000,2.5200,2.5200,
$50 NBA Daily 8/10,2020-08-10T23:45:08.297138,estk_f54967f88af877dd5cdd05960889fa04,evt_f54967f88af877dd,Serge Ibaka,NBA,0,0,0,0.5,1.0000,2.5200,2.5200,
$50 NBA Daily 8/10,2020-08-10T23:45:08.297142,estk_f54967f88af877ddcd439276c8d11f5d,evt_f54967f88af877dd,Fred VanVleet,NBA,0,0,0,0.5,1.0000,2.5200,2.5200,
$50 NBA Daily 8/10,2020-08-10T23:45:08.297150,estk_f54967f88af877dd12d0c14aa5dfd232,evt_f54967f88af877dd,Giannis Antetokounmpo,NBA,0,0,0,0.5,1.0000,2.5200,2.5200,
$50 NBA Daily 8/10,2020-08-11T00:01:19.266311,estk_f54967f88af877dd6de03cb5c6424ccc,evt_f54967f88af877dd,Norman Powell,NBA,24.01,42.02,30.5,0.52,12.8900,3.5500,14.9000,11.3800
$50 NBA Daily 8/10,2020-08-11T00:01:19.266317,estk_f54967f88af877dd7c131e7cfd4ca8ad,evt_f54967f88af877dd,Pascal Siakam,NBA,37.12,35.82,18,0.52,10.3200,9.2200,12.0300,8.6100
$50 NBA Daily 8/10,2020-08-11T00:01:19.266348,estk_f54967f88af877ddb349a48e189ba3d0,evt_f54967f88af877dd,Pat Connaughton,NBA,16.92,29.62,21.5,0.52,5.7700,8.3300,7.5600,4.7300
$50 NBA Daily 8/10,2020-08-11T00:01:19.266351,estk_f54967f88af877ddd846b1bc06a60007,evt_f54967f88af877dd,Marc Gasol,NBA,29.05,28.44,14.5,0.52,5.6800,6.6500,7.3400,3.6300
$50 NBA Daily 8/10,2020-08-11T00:01:19.266359,estk_f54967f88af877ddf2604b3c6ec43ff2,evt_f54967f88af877dd,Khris Middleton,NBA,33.4,27.53,11.5,0.52,5.2400,7.5800,7.0200,4.1600
$50 NBA Daily 8/10,2020-08-11T00:01:19.266374,estk_f54967f88af877dd828daf68b6f4025d,evt_f54967f88af877dd,George Hill,NBA,18.63,24.69,15.75,0.52,4.6400,6.9100,6.3300,3.4000
$50 NBA Daily 8/10,2020-08-11T00:01:19.266378,estk_f54967f88af877dd04749763bd15faac,evt_f54967f88af877dd,Eric Bledsoe,NBA,29.23,24.78,10.75,0.52,4.5300,6.4200,6.1200,3.2200
$50 NBA Daily 8/10,2020-08-11T00:01:19.266414,estk_f54967f88af877dd82db34a5ef5dff8e,evt_f54967f88af877dd,OG Anunoby,NBA,23.69,17.87,6.5,0.52,2.7000,4.5400,4.4400,1.6900
$50 NBA Daily 8/10,2020-08-11T00:01:19.266425,estk_f54967f88af877dd8097f00ce37705fe,evt_f54967f88af877dd,Marvin Williams,NBA,18.86,18.8,9.75,0.52,2.5000,4.1200,4.0500,1.2200
$50 NBA Daily 8/10,2020-08-11T00:01:19.266439,estk_f54967f88af877dd806121a64c461e99,evt_f54967f88af877dd,Brook Lopez,NBA,27.4,16.4,3.25,0.52,1.9500,4.1200,3.5400,1.0200
$50 NBA Daily 8/10,2020-08-11T00:01:19.266443,estk_f54967f88af877dd9076cef21a11902c,evt_f54967f88af877dd,Donte DiVincenzo,NBA,17.94,14.36,5.75,0.52,1.9100,3.5600,3.4500,1.0200
$50 NBA Daily 8/10,2020-08-11T00:01:19.266454,estk_f54967f88af877ddf16014e0a040fe5b,evt_f54967f88af877dd,Wesley Matthews,NBA,15.77,7.07,-0.5,0.52,1.2200,2.8100,2.7800,
$50 NBA Daily 8/10,2020-08-11T00:01:19.266461,estk_f54967f88af877ddcc28fb3568e3a1d6,evt_f54967f88af877dd,Kyle Lowry,NBA,0,0,0,0.52,1.0000,2.5200,2.5200,
$50 NBA Daily 8/10,2020-08-11T00:01:19.266465,estk_f54967f88af877dd5cdd05960889fa04,evt_f54967f88af877dd,Serge Ibaka,NBA,0,0,0,0.52,1.0000,2.5200,2.5200,
$50 NBA Daily 8/10,2020-08-11T00:01:19.266469,estk_f54967f88af877ddcd439276c8d11f5d,evt_f54967f88af877dd,Fred VanVleet,NBA,0,0,0,0.52,1.0000,2.5200,2.5200,
$50 NBA Daily 8/10,2020-08-11T00:01:19.266476,estk_f54967f88af877dd12d0c14aa5dfd232,evt_f54967f88af877dd,Giannis Antetokounmpo,NBA,0,0,0,0.52,1.0000,2.5200,2.5200,
$50 NBA Daily 8/10,2020-08-11T00:01:49.641752,estk_f54967f88af877dd6de03cb5c6424ccc,evt_f54967f88af877dd,Norman Powell,NBA,24.01,41.54,30.5,0.54,13.8500,3.5500,15.6300,11.3800
$50 NBA Daily 8/10,2020-08-11T00:01:49.641763,estk_f54967f88af877dd7c131e7cfd4ca8ad,evt_f54967f88af877dd,Pascal Siakam,NBA,37.12,35.08,18,0.54,9.8000,9.2200,11.5000,8.6100
$50 NBA Daily 8/10,2020-08-11T00:01:49.641791,estk_f54967f88af877ddb349a48e189ba3d0,evt_f54967f88af877dd,Pat Connaughton,NBA,16.92,29.28,21.5,0.54,6.4600,8.3300,8.0900,4.7300
$50 NBA Daily 8/10,2020-08-11T00:01:49.641799,estk_f54967f88af877ddd846b1bc06a60007,evt_f54967f88af877dd,Marc Gasol,NBA,29.05,27.86,14.5,0.54,5.9000,6.6500,7.3400,3.6300
$50 NBA Daily 8/10,2020-08-11T00:01:49.641803,estk_f54967f88af877ddf2604b3c6ec43ff2,evt_f54967f88af877dd,Khris Middleton,NBA,33.4,26.86,11.5,0.54,5.5100,7.5800,7.0200,4.1600
$50 NBA Daily 8/10,2020-08-11T00:01:49.641822,estk_f54967f88af877dd04749763bd15faac,evt_f54967f88af877dd,Eric Bledsoe,NBA,29.23,24.2,10.75,0.54,4.4400,6.4200,6.1200,3.2200
$50 NBA Daily 8/10,2020-08-11T00:01:49.641826,estk_f54967f88af877dd828daf68b6f4025d,evt_f54967f88af877dd,George Hill,NBA,18.63,24.32,15.75,0.54,4.3500,6.9100,6.3300,3.4000
