name,time,id,event_id,stock_name,sector,fantasy_points_projected,fantasy_points_projected_live,fantasy_points_scored,amount_completed,estimated_price,last_price,ask_price,bid_price
$500 NBA Daily 8/19,2020-08-19T14:00:31.234055,estk_21215e84c5ef56df953b227a97f4290a,evt_21215e84c5ef56df,Luka Doncic,NBA,53.77,,,,,,,
$500 NBA Daily 8/19,2020-08-19T14:00:31.234085,estk_21215e84c5ef56df7a763361bd2f9a08,evt_21215e84c5ef56df,Joel Embiid,NBA,51.68,,,,,,,
$500 NBA Daily 8/19,2020-08-19T14:00:31.234090,estk_21215e84c5ef56dfbb115bd4f54ff319,evt_21215e84c5ef56df,Kawhi Leonard,NBA,44.79,,,,,,,
$500 NBA Daily 8/19,2020-08-19T14:00:31.234094,estk_21215e84c5ef56dfa488da70359965f9,evt_21215e84c5ef56df,Kristaps Porzingis,NBA,42.71,,,,,,,
$500 NBA Daily 8/19,2020-08-19T14:00:31.234098,estk_21215e84c5ef56dff59563a6406f63f4,evt_21215e84c5ef56df,Paul George,NBA,41.11,,,,,,,
$500 NBA Daily 8/19,2020-08-19T14:00:31.234102,estk_21215e84c5ef56dfda4bddbbc347c31f,evt_21215e84c5ef56df,Jayson Tatum,NBA,37.4,,,,,,,
$500 NBA Daily 8/19,2020-08-19T14:00:31.234106,estk_21215e84c5ef56dfa9edb859d18234d0,evt_21215e84c5ef56df,Kemba Walker,NBA,33.64,,,,,,,
$500 NBA Daily 8/19,2020-08-19T14:00:31.234110,estk_21215e84c5ef56df4b8c495d9fa8db90,evt_21215e84c5ef56df,Jaylen Brown,NBA,32.52,,,,,,,
$500 NBA Daily 8/19,2020-08-19T14:00:31.234114,estk_21215e84c5ef56df77c3d3d4d8ad15c5,evt_21215e84c5ef56df,Tobias Harris,NBA,31.86,,,,,,,
$500 NBA Daily 8/19,2020-08-19T14:00:31.234118,estk_21215e84c5ef56df63a58b55849249a4,evt_21215e84c5ef56df,Al Horford,NBA,28.59,,,,,,,
$500 NBA Daily 8/19,2020-08-19T14:00:31.234121,estk_21215e84c5ef56df049fe8ca7bf97ec4,evt_21215e84c5ef56df,Marcus Smart,NBA,25.53,,,,,,,
$500 NBA Daily 8/19,2020-08-19T14:00:31.234125,estk_21215e84c5ef56dfb3147c681557a264,evt_21215e84c5ef56df,Josh Richardson,NBA,25.16,,,,,,,
$500 NBA Daily 8/19,2020-08-19T14:00:31.234129,estk_21215e84c5ef56dfdffaf5f9be93f5bc,evt_21215e84c5ef56df,Maxi Kleber,NBA,23.45,,,,,,,
$500 NBA Daily 8/19,2020-08-19T14:00:31.234133,estk_21215e84c5ef56df6e82fa5f30bdfa80,evt_21215e84c5ef56df,Marcus Morris,NBA,22.95,,,,,,,
$500 NBA Daily 8/19,2020-08-19T14:00:31.234137,estk_21215e84c5ef56df8bf6dd5c69dbd6c9,evt_21215e84c5ef56df,Tim Hardaway,NBA,22.88,,,,,,,
$500 NBA Daily 8/19,2020-08-19T14:00:31.234141,estk_21215e84c5ef56dfaf1a06f413850d3c,evt_21215e84c5ef56df,Montrezl Harrell,NBA,22.82,,,,,,,
$500 NBA Daily 8/19,2020-08-19T14:00:31.234145,estk_21215e84c5ef56df6d025fb040fb2e88,evt_21215e84c5ef56df,Dorian Finney-Smith,NBA,22.64,,,,,,,
$500 NBA Daily 8/19,2020-08-19T14:00:31.234149,estk_21215e84c5ef56df57693decb131a860,evt_21215e84c5ef56df,Lou Williams,NBA,21.6,,,,,,,
$500 NBA Daily 8/19,2020-08-19T14:00:31.234152,estk_21215e84c5ef56df85e7a39b281a7530,evt_21215e84c5ef56df,Ivica Zubac,NBA,21.15,,,,,,,
$500 NBA Daily 8/19,2020-08-19T14:00:31.234156,estk_21215e84c5ef56df201a5680f9441b5c,evt_21215e84c5ef56df,Daniel Theis,NBA,20.39,,,,,,,
$500 NBA Daily 8/19,2020-08-19T14:00:31.234160,estk_21215e84c5ef56df575ca725abf50fd3,evt_21215e84c5ef56df,Alec Burks,NBA,18.75,,,,,,,
$500 NBA Daily 8/19,2020-08-19T14:00:31.234164,estk_21215e84c5ef56df92bc30f31e413420,evt_21215e84c5ef56df,Matisse Thybulle,NBA,18.44,,,,,,,
$500 NBA Daily 8/19,2020-08-19T14:00:31.234167,estk_21215e84c5ef56dfbc37c5910679509b,evt_21215e84c5ef56df,Seth Curry,NBA,17.9,,,,,,,
$500 NBA Daily 8/19,2020-08-19T14:00:31.234171,estk_21215e84c5ef56df521208388656c595,evt_21215e84c5ef56df,Trey Burke,NBA,17.04,,,,,,,
$500 NBA Daily 8/19,2020-08-19T14:00:31.234175,estk_21215e84c5ef56dfb402a1af1291a618,evt_21215e84c5ef56df,Patrick Beverley,NBA,16.87,,,,,,,
$500 NBA Daily 8/19,2020-08-19T14:00:31.234178,estk_21215e84c5ef56dfa1e25447b314f889,evt_21215e84c5ef56df,Shake Milton,NBA,16.43,,,,,,,
$500 NBA Daily 8/19,2020-08-19T14:00:31.234182,estk_21215e84c5ef56dff101f1906b677e1c,evt_21215e84c5ef56df,JaMychal Green,NBA,15.07,,,,,,,
$500 NBA Daily 8/19,2020-08-19T14:00:31.234186,estk_21215e84c5ef56df233a24e71677893c,evt_21215e84c5ef56df,Robert Williams,NBA,13.6,,,,,,,
$500 NBA Daily 8/19,2020-08-19T14:00:31.234190,estk_21215e84c5ef56dfe9aea717e9a5e7f3,evt_21215e84c5ef56df,Reggie Jackson,NBA,12.45,,,,,,,
$500 NBA Daily 8/19,2020-08-19T14:00:31.234193,estk_21215e84c5ef56df41d6aa90727d2144,evt_21215e84c5ef56df,Brad Wanamaker,NBA,11.78,,,,,,,
$500 NBA Daily 8/19,2020-08-19T14:00:31.234197,estk_21215e84c5ef56df8c88c133edc67225,evt_21215e84c5ef56df,Grant Williams,NBA,10.63,,,,,,,
$500 NBA Daily 8/19,2020-08-19T14:00:31.234200,estk_21215e84c5ef56df2d6f8355da37442f,evt_21215e84c5ef56df,Enes Kanter,NBA,9.51,,,,,,,
$500 NBA Daily 8/19,2020-08-19T14:05:29.290784,estk_21215e84c5ef56df953b227a97f4290a,evt_21215e84c5ef56df,Luka Doncic,NBA,53.77,,,,17.2200,1.1400,,
$500 NBA Daily 8/19,2020-08-19T14:05:29.290815,estk_21215e84c5ef56df7a763361bd2f9a08,evt_21215e84c5ef56df,Joel Embiid,NBA,51.68,,,,16.1100,1.1300,,
$500 NBA Daily 8/19,2020-08-19T14:05:29.290820,estk_21215e84c5ef56dfbb115bd4f54ff319,evt_21215e84c5ef56df,Kawhi Leonard,NBA,44.79,,,,12.5800,1.1000,,
$500 NBA Daily 8/19,2020-08-19T14:05:29.290824,estk_21215e84c5ef56dfa488da70359965f9,evt_21215e84c5ef56df,Kristaps Porzingis,NBA,42.71,,,,11.6000,1.0900,,
$500 NBA Daily 8/19,2020-08-19T14:05:29.290828,estk_21215e84c5ef56dff59563a6406f63f4,evt_21215e84c5ef56df,Paul George,NBA,41.11,,,,10.6700,1.0500,,
$500 NBA Daily 8/19,2020-08-19T14:05:29.290836,estk_21215e84c5ef56dfda4bddbbc347c31f,evt_21215e84c5ef56df,Jayson Tatum,NBA,37.4,,,,9.0700,1.0500,,
$500 NBA Daily 8/19,2020-08-19T14:05:29.290840,estk_21215e84c5ef56dfa9edb859d18234d0,evt_21215e84c5ef56df,Kemba Walker,NBA,33.64,,,,7.4500,1.0500,,
$500 NBA Daily 8/19,2020-08-19T14:05:29.290844,estk_21215e84c5ef56df4b8c495d9fa8db90,evt_21215e84c5ef56df,Jaylen Brown,NBA,32.52,,,,6.9500,1.0500,,
$500 NBA Daily 8/19,2020-08-19T14:05:29.290848,estk_21215e84c5ef56df77c3d3d4d8ad15c5,evt_21215e84c5ef56df,Tobias Harris,NBA,31.86,,,,6.8500,1.0500,,
$500 NBA Daily 8/19,2020-08-19T14:05:29.290852,estk_21215e84c5ef56df63a58b55849249a4,evt_21215e84c5ef56df,Al Horford,NBA,28.59,,,,5.5700,1.0400,,
$500 NBA Daily 8/19,2020-08-19T14:05:29.290855,estk_21215e84c5ef56df049fe8ca7bf97ec4,evt_21215e84c5ef56df,Marcus Smart,NBA,25.53,,,,4.5500,1.0300,,
$500 NBA Daily 8/19,2020-08-19T14:05:29.290862,estk_21215e84c5ef56dfb3147c681557a264,evt_21215e84c5ef56df,Josh Richardson,NBA,25.16,,,,4.5200,1.0300,,
$500 NBA Daily 8/19,2020-08-19T14:05:29.290866,estk_21215e84c5ef56dfdffaf5f9be93f5bc,evt_21215e84c5ef56df,Maxi Kleber,NBA,23.45,,,,4.0300,1.0300,,
$500 NBA Daily 8/19,2020-08-19T14:05:29.290870,estk_21215e84c5ef56df6e82fa5f30bdfa80,evt_21215e84c5ef56df,Marcus Morris,NBA,22.95,,,,3.8900,1.0200,,
$500 NBA Daily 8/19,2020-08-19T14:05:29.290874,estk_21215e84c5ef56df8bf6dd5c69dbd6c9,evt_21215e84c5ef56df,Tim Hardaway,NBA,22.88,,,,3.8600,1.0200,,
$500 NBA Daily 8/19,2020-08-19T14:05:29.290878,estk_21215e84c5ef56dfaf1a06f413850d3c,evt_21215e84c5ef56df,Montrezl Harrell,NBA,22.82,,,,3.8500,1.0300,,
$500 NBA Daily 8/19,2020-08-19T14:05:29.290882,estk_21215e84c5ef56df6d025fb040fb2e88,evt_21215e84c5ef56df,Dorian Finney-Smith,NBA,22.64,,,,3.8400,1.0200,,
$500 NBA Daily 8/19,2020-08-19T14:05:29.290885,estk_21215e84c5ef56df57693decb131a860,evt_21215e84c5ef56df,Lou Williams,NBA,21.6,,,,3.5400,1.0200,,
$500 NBA Daily 8/19,2020-08-19T14:05:29.290889,estk_21215e84c5ef56df85e7a39b281a7530,evt_21215e84c5ef56df,Ivica Zubac,NBA,21.15,,,,3.4900,1.0200,,
$500 NBA Daily 8/19,2020-08-19T14:05:29.290892,estk_21215e84c5ef56df201a5680f9441b5c,evt_21215e84c5ef56df,Daniel Theis,NBA,20.39,,,,3.3400,1.0200,,
$500 NBA Daily 8/19,2020-08-19T14:05:29.290896,estk_21215e84c5ef56df575ca725abf50fd3,evt_21215e84c5ef56df,Alec Burks,NBA,18.75,,,,2.9700,1.0200,,
$500 NBA Daily 8/19,2020-08-19T14:05:29.290899,estk_21215e84c5ef56df92bc30f31e413420,evt_21215e84c5ef56df,Matisse Thybulle,NBA,18.44,,,,2.9200,1.0200,,
$500 NBA Daily 8/19,2020-08-19T14:05:29.290903,estk_21215e84c5ef56dfbc37c5910679509b,evt_21215e84c5ef56df,Seth Curry,NBA,17.9,,,,2.8600,1.0200,,
$500 NBA Daily 8/19,2020-08-19T14:05:29.290907,estk_21215e84c5ef56df521208388656c595,evt_21215e84c5ef56df,Trey Burke,NBA,17.04,,,,2.6700,1.0200,,
$500 NBA Daily 8/19,2020-08-19T14:05:29.290910,estk_21215e84c5ef56dfb402a1af1291a618,evt_21215e84c5ef56df,Patrick Beverley,NBA,16.87,,,,2.6600,1.0200,,
$500 NBA Daily 8/19,2020-08-19T14:05:29.290914,estk_21215e84c5ef56dfa1e25447b314f889,evt_21215e84c5ef56df,Shake Milton,NBA,16.43,,,,2.5500,1.0100,,
$500 NBA Daily 8/19,2020-08-19T14:05:29.290937,estk_21215e84c5ef56dff101f1906b677e1c,evt_21215e84c5ef56df,JaMychal Green,NBA,15.07,,,,2.3500,1.0100,,
$500 NBA Daily 8/19,2020-08-19T14:05:29.290941,estk_21215e84c5ef56df233a24e71677893c,evt_21215e84c5ef56df,Robert Williams,NBA,13.6,,,,2.1200,1.0100,,
$500 NBA Daily 8/19,2020-08-19T14:05:29.290945,estk_21215e84c5ef56dfe9aea717e9a5e7f3,evt_21215e84c5ef56df,Reggie Jackson,NBA,12.45,,,,2.0200,1.0100,,
$500 NBA Daily 8/19,2020-08-19T14:05:29.290948,estk_21215e84c5ef56df41d6aa90727d2144,evt_21215e84c5ef56df,Brad Wanamaker,NBA,11.78,,,,1.9000,1.0100,,
$500 NBA Daily 8/19,2020-08-19T14:05:29.290952,estk_21215e84c5ef56df8c88c133edc67225,evt_21215e84c5ef56df,Grant Williams,NBA,10.63,,,,1.7900,1.0100,,
$500 NBA Daily 8/19,2020-08-19T14:05:29.290956,estk_21215e84c5ef56df2d6f8355da37442f,evt_21215e84c5ef56df,Enes Kanter,NBA,9.51,,,,1.7100,1.0100,,
$500 NBA Daily 8/19,2020-08-19T21:59:26.594729,estk_21215e84c5ef56df953b227a97f4290a,evt_21215e84c5ef56df,Luka Doncic,NBA,53.77,53.77,0,0,12.6800,9.0300,14.4300,
$500 NBA Daily 8/19,2020-08-19T21:59:26.594760,estk_21215e84c5ef56df7a763361bd2f9a08,evt_21215e84c5ef56df,Joel Embiid,NBA,51.68,51.68,0,0,12.0400,8.7600,13.7800,
$500 NBA Daily 8/19,2020-08-19T21:59:26.594765,estk_21215e84c5ef56dfbb115bd4f54ff319,evt_21215e84c5ef56df,Kawhi Leonard,NBA,44.79,44.79,0,0,9.9100,8.3000,11.6200,
$500 NBA Daily 8/19,2020-08-19T21:59:26.594769,estk_21215e84c5ef56dfa488da70359965f9,evt_21215e84c5ef56df,Kristaps Porzingis,NBA,42.71,42.71,0,0,9.2700,8.0800,10.9100,
$500 NBA Daily 8/19,2020-08-19T21:59:26.594774,estk_21215e84c5ef56dff59563a6406f63f4,evt_21215e84c5ef56df,Paul George,NBA,41.11,41.11,0,0,8.8500,7.9800,10.4100,
$500 NBA Daily 8/19,2020-08-19T21:59:26.594779,estk_21215e84c5ef56dfda4bddbbc347c31f,evt_21215e84c5ef56df,Jayson Tatum,NBA,37.4,37.4,0,0,7.8300,7.2800,9.4100,
$500 NBA Daily 8/19,2020-08-19T21:59:26.594783,estk_21215e84c5ef56dfa9edb859d18234d0,evt_21215e84c5ef56df,Kemba Walker,NBA,33.64,33.64,0,0,6.8900,6.4900,8.4500,
$500 NBA Daily 8/19,2020-08-19T21:59:26.594787,estk_21215e84c5ef56df4b8c495d9fa8db90,evt_21215e84c5ef56df,Jaylen Brown,NBA,32.52,32.52,0,0,6.5500,6.2900,8.1300,
$500 NBA Daily 8/19,2020-08-19T21:59:26.594791,estk_21215e84c5ef56df77c3d3d4d8ad15c5,evt_21215e84c5ef56df,Tobias Harris,NBA,31.86,31.86,0,0,6.4900,6.1500,7.9700,
$500 NBA Daily 8/19,2020-08-19T21:59:26.594795,estk_21215e84c5ef56df63a58b55849249a4,evt_21215e84c5ef56df,Al Horford,NBA,28.59,28.59,0,0,5.6700,5.4000,7.2800,
$500 NBA Daily 8/19,2020-08-19T21:59:26.594799,estk_21215e84c5ef56df049fe8ca7bf97ec4,evt_21215e84c5ef56df,Marcus Smart,NBA,25.53,25.53,0,0,5.0500,4.8400,6.6200,
$500 NBA Daily 8/19,2020-08-19T21:59:26.594804,estk_21215e84c5ef56dfb3147c681557a264,evt_21215e84c5ef56df,Josh Richardson,NBA,25.16,25.16,0,0,4.9900,4.8000,6.5900,
$500 NBA Daily 8/19,2020-08-19T21:59:26.594807,estk_21215e84c5ef56dfdffaf5f9be93f5bc,evt_21215e84c5ef56df,Maxi Kleber,NBA,23.45,23.45,0,0,4.6300,4.5000,6.2400,
$500 NBA Daily 8/19,2020-08-19T21:59:26.594811,estk_21215e84c5ef56df8bf6dd5c69dbd6c9,evt_21215e84c5ef56df,Tim Hardaway,NBA,22.88,22.88,0,0,4.5700,4.3900,6.1600,
$500 NBA Daily 8/19,2020-08-19T21:59:26.594815,estk_21215e84c5ef56df6e82fa5f30bdfa80,evt_21215e84c5ef56df,Marcus Morris,NBA,22.95,22.95,0,0,4.5600,4.4100,6.1000,
$500 NBA Daily 8/19,2020-08-19T21:59:26.594819,estk_21215e84c5ef56dfaf1a06f413850d3c,evt_21215e84c5ef56df,Montrezl Harrell,NBA,22.82,22.82,0,0,4.5300,4.3600,6.1200,
$500 NBA Daily 8/19,2020-08-19T21:59:26.594822,estk_21215e84c5ef56df6d025fb040fb2e88,evt_21215e84c5ef56df,Dorian Finney-Smith,NBA,22.64,22.64,0,0,4.5300,4.3300,6.1000,
$500 NBA Daily 8/19,2020-08-19T21:59:26.594826,estk_21215e84c5ef56df57693decb131a860,evt_21215e84c5ef56df,Lou Williams,NBA,21.6,21.6,0,0,4.3400,4.1600,5.9300,
$500 NBA Daily 8/19,2020-08-19T21:59:26.594830,estk_21215e84c5ef56df85e7a39b281a7530,evt_21215e84c5ef56df,Ivica Zubac,NBA,21.15,21.15,0,0,4.2100,4.0600,5.7900,
$500 NBA Daily 8/19,2020-08-19T21:59:26.594834,estk_21215e84c5ef56df201a5680f9441b5c,evt_21215e84c5ef56df,Daniel Theis,NBA,20.39,20.39,0,0,4.0800,4.0100,5.6600,
$500 NBA Daily 8/19,2020-08-19T21:59:26.594838,estk_21215e84c5ef56df575ca725abf50fd3,evt_21215e84c5ef56df,Alec Burks,NBA,18.75,18.75,0,0,3.8200,3.7400,5.4000,
$500 NBA Daily 8/19,2020-08-19T21:59:26.594842,estk_21215e84c5ef56df92bc30f31e413420,evt_21215e84c5ef56df,Matisse Thybulle,NBA,18.44,18.44,0,0,3.7900,3.6800,5.3600,
$500 NBA Daily 8/19,2020-08-19T21:59:26.594845,estk_21215e84c5ef56dfbc37c5910679509b,evt_21215e84c5ef56df,Seth Curry,NBA,17.9,17.9,0,0,3.7200,3.6200,5.2900,
$500 NBA Daily 8/19,2020-08-19T21:59:26.594849,estk_21215e84c5ef56df521208388656c595,evt_21215e84c5ef56df,Trey Burke,NBA,17.04,17.04,0,0,3.6000,3.4900,5.1600,
$500 NBA Daily 8/19,2020-08-19T21:59:26.594853,estk_21215e84c5ef56dfb402a1af1291a618,evt_21215e84c5ef56df,Patrick Beverley,NBA,16.87,16.87,0,0,3.5500,3.4400,5.1000,
$500 NBA Daily 8/19,2020-08-19T21:59:26.594857,estk_21215e84c5ef56dfa1e25447b314f889,evt_21215e84c5ef56df,Shake Milton,NBA,16.43,16.43,0,0,3.5400,3.4100,5.0900,
$500 NBA Daily 8/19,2020-08-19T21:59:26.594861,estk_21215e84c5ef56dff101f1906b677e1c,evt_21215e84c5ef56df,JaMychal Green,NBA,15.07,15.07,0,0,3.3100,3.2400,4.8300,
$500 NBA Daily 8/19,2020-08-19T21:59:26.594865,estk_21215e84c5ef56df233a24e71677893c,evt_21215e84c5ef56df,Robert Williams,NBA,13.6,13.6,0,0,3.1000,3.0200,4.7100,
$500 NBA Daily 8/19,2020-08-19T21:59:26.594868,estk_21215e84c5ef56dfe9aea717e9a5e7f3,evt_21215e84c5ef56df,Reggie Jackson,NBA,12.45,12.45,0,0,2.9900,2.9000,4.5500,
$500 NBA Daily 8/19,2020-08-19T21:59:26.594872,estk_21215e84c5ef56df41d6aa90727d2144,evt_21215e84c5ef56df,Brad Wanamaker,NBA,11.78,11.78,0,0,2.9400,2.8200,4.4800,
$500 NBA Daily 8/19,2020-08-19T21:59:26.594876,estk_21215e84c5ef56df8c88c133edc67225,evt_21215e84c5ef56df,Grant Williams,NBA,10.63,10.63,0,0,2.8000,2.7100,4.3600,
$500 NBA Daily 8/19,2020-08-19T21:59:26.594880,estk_21215e84c5ef56df2d6f8355da37442f,evt_21215e84c5ef56df,Enes Kanter,NBA,9.51,9.51,0,0,2.6700,2.6100,4.1900,
$500 NBA Daily 8/19,2020-08-19T22:48:01.750218,estk_21215e84c5ef56df7a763361bd2f9a08,evt_21215e84c5ef56df,Joel Embiid,NBA,51.68,56.4,5.75,0.02,12.3000,8.7600,13.7800,10.5500
$500 NBA Daily 8/19,2020-08-19T22:48:01.750239,estk_21215e84c5ef56dfda4bddbbc347c31f,evt_21215e84c5ef56df,Jayson Tatum,NBA,37.4,41.4,4.75,0.02,7.9200,7.2800,9.4100,7.2900
$500 NBA Daily 8/19,2020-08-19T22:48:01.750243,estk_21215e84c5ef56dfa9edb859d18234d0,evt_21215e84c5ef56df,Kemba Walker,NBA,33.64,32.97,0,0.02,6.9200,6.4900,8.4500,5.2800
$500 NBA Daily 8/19,2020-08-19T22:48:01.750247,estk_21215e84c5ef56df4b8c495d9fa8db90,evt_21215e84c5ef56df,Jaylen Brown,NBA,32.52,31.37,-0.5,0.02,6.7200,6.2900,8.1300,3.0800
$500 NBA Daily 8/19,2020-08-19T22:48:01.750251,estk_21215e84c5ef56df77c3d3d4d8ad15c5,evt_21215e84c5ef56df,Tobias Harris,NBA,31.86,31.22,0,0.02,6.4600,6.1500,7.9700,5.0900
$500 NBA Daily 8/19,2020-08-19T22:48:01.750255,estk_21215e84c5ef56df63a58b55849249a4,evt_21215e84c5ef56df,Al Horford,NBA,28.59,28.02,0,0.02,5.6000,5.4000,7.2800,6.7800
$500 NBA Daily 8/19,2020-08-19T22:48:01.750259,estk_21215e84c5ef56df049fe8ca7bf97ec4,evt_21215e84c5ef56df,Marcus Smart,NBA,25.53,25.02,0,0.02,5.0800,4.8400,6.6200,6.1200
$500 NBA Daily 8/19,2020-08-19T22:48:01.750263,estk_21215e84c5ef56dfb3147c681557a264,evt_21215e84c5ef56df,Josh Richardson,NBA,25.16,26.66,2,0.02,4.9200,4.8000,6.5900,3.3200
$500 NBA Daily 8/19,2020-08-19T22:48:01.750293,estk_21215e84c5ef56df201a5680f9441b5c,evt_21215e84c5ef56df,Daniel Theis,NBA,20.39,19.48,-0.5,0.02,3.9900,4.0100,5.6600,5.1600
$500 NBA Daily 8/19,2020-08-19T22:48:01.750298,estk_21215e84c5ef56df575ca725abf50fd3,evt_21215e84c5ef56df,Alec Burks,NBA,18.75,18.38,0,0.02,3.7600,3.7400,5.4000,3.0800
$500 NBA Daily 8/19,2020-08-19T22:48:01.750301,estk_21215e84c5ef56df92bc30f31e413420,evt_21215e84c5ef56df,Matisse Thybulle,NBA,18.44,18.07,0,0.02,3.7300,3.6800,5.3600,3.0800
$500 NBA Daily 8/19,2020-08-19T22:48:01.750317,estk_21215e84c5ef56dfa1e25447b314f889,evt_21215e84c5ef56df,Shake Milton,NBA,16.43,17.6,1.5,0.02,3.4800,3.4100,5.0900,4.5900
$500 NBA Daily 8/19,2020-08-19T22:48:01.750324,estk_21215e84c5ef56df233a24e71677893c,evt_21215e84c5ef56df,Robert Williams,NBA,13.6,13.33,0,0.02,3.0400,3.0200,4.7100,4.2100
$500 NBA Daily 8/19,2020-08-19T22:48:01.750332,estk_21215e84c5ef56df41d6aa90727d2144,evt_21215e84c5ef56df,Brad Wanamaker,NBA,11.78,11.54,0,0.02,2.8600,2.8200,4.4800,3.3200
$500 NBA Daily 8/19,2020-08-19T22:48:01.750336,estk_21215e84c5ef56df8c88c133edc67225,evt_21215e84c5ef56df,Grant Williams,NBA,10.63,10.42,0,0.02,2.7700,2.7100,4.3600,3.8600
$500 NBA Daily 8/19,2020-08-19T22:48:01.750340,estk_21215e84c5ef56df2d6f8355da37442f,evt_21215e84c5ef56df,Enes Kanter,NBA,9.51,9.32,0,0.02,2.5800,2.6100,4.1900,3.6900
$500 NBA Daily 8/19,2020-08-19T22:49:02.606537,estk_21215e84c5ef56df7a763361bd2f9a08,evt_21215e84c5ef56df,Joel Embiid,NBA,51.68,57.88,7.75,0.03,13.9100,8.7600,15.6900,12.1300
$500 NBA Daily 8/19,2020-08-19T22:49:02.606581,estk_21215e84c5ef56dfda4bddbbc347c31f,evt_21215e84c5ef56df,Jayson Tatum,NBA,37.4,41.03,4.75,0.03,8.9500,7.2800,10.6300,7.2700
$500 NBA Daily 8/19,2020-08-19T22:49:02.606590,estk_21215e84c5ef56dfa9edb859d18234d0,evt_21215e84c5ef56df,Kemba Walker,NBA,33.64,34.63,2,0.03,6.5800,6.4900,8.4500,5.2800
$500 NBA Daily 8/19,2020-08-19T22:49:02.606594,estk_21215e84c5ef56df4b8c495d9fa8db90,evt_21215e84c5ef56df,Jaylen Brown,NBA,32.52,31.04,-0.5,0.03,6.2100,6.2900,8.1300,4.5900
$500 NBA Daily 8/19,2020-08-19T22:49:02.606598,estk_21215e84c5ef56df77c3d3d4d8ad15c5,evt_21215e84c5ef56df,Tobias Harris,NBA,31.86,30.9,0,0.03,6.2000,6.1500,7.9700,5.0900
$500 NBA Daily 8/19,2020-08-19T22:49:02.606602,estk_21215e84c5ef56df63a58b55849249a4,evt_21215e84c5ef56df,Al Horford,NBA,28.59,27.73,0,0.03,5.4900,5.4000,7.2800,4.5900
$500 NBA Daily 8/19,2020-08-19T22:49:02.606606,estk_21215e84c5ef56dfb3147c681557a264,evt_21215e84c5ef56df,Josh Richardson,NBA,25.16,26.41,2,0.03,5.2100,4.8000,6.5900,3.6100
$500 NBA Daily 8/19,2020-08-19T22:49:02.606611,estk_21215e84c5ef56df049fe8ca7bf97ec4,evt_21215e84c5ef56df,Marcus Smart,NBA,25.53,24.76,0,0.03,4.8100,4.8400,6.6200,3.4800
$500 NBA Daily 8/19,2020-08-19T22:49:02.606641,estk_21215e84c5ef56df201a5680f9441b5c,evt_21215e84c5ef56df,Daniel Theis,NBA,20.39,20.78,1,0.03,3.7900,4.0100,5.6600,2.6500
$500 NBA Daily 8/19,2020-08-19T22:49:02.606645,estk_21215e84c5ef56df575ca725abf50fd3,evt_21215e84c5ef56df,Alec Burks,NBA,18.75,18.19,0,0.03,3.7400,3.7400,5.4000,2.8700
$500 NBA Daily 8/19,2020-08-19T22:49:02.606653,estk_21215e84c5ef56df92bc30f31e413420,evt_21215e84c5ef56df,Matisse Thybulle,NBA,18.44,17.89,0,0.03,3.5800,3.6800,5.3600,2.1600
$500 NBA Daily 8/19,2020-08-19T22:49:02.606657,estk_21215e84c5ef56dfa1e25447b314f889,evt_21215e84c5ef56df,Shake Milton,NBA,16.43,17.44,1.5,0.03,3.5800,3.4100,5.0900,2.0800
$500 NBA Daily 8/19,2020-08-19T22:49:02.606673,estk_21215e84c5ef56df233a24e71677893c,evt_21215e84c5ef56df,Robert Williams,NBA,13.6,13.19,0,0.03,2.9800,3.0200,4.7100,1.9100
$500 NBA Daily 8/19,2020-08-19T22:49:02.606680,estk_21215e84c5ef56df41d6aa90727d2144,evt_21215e84c5ef56df,Brad Wanamaker,NBA,11.78,11.43,0,0.03,2.7400,2.8200,4.4800,1.3000
$500 NBA Daily 8/19,2020-08-19T22:49:02.606684,estk_21215e84c5ef56df8c88c133edc67225,evt_21215e84c5ef56df,Grant Williams,NBA,10.63,10.31,0,0.03,2.6200,2.7100,4.3600,3.8600
$500 NBA Daily 8/19,2020-08-19T22:49:02.606688,estk_21215e84c5ef56df2d6f8355da37442f,evt_21215e84c5ef56df,Enes Kanter,NBA,9.51,9.22,0,0.03,2.4900,2.6100,4.1900,1.0300
$500 NBA Daily 8/19,2020-08-19T22:49:32.993047,estk_21215e84c5ef56df7a763361bd2f9a08,evt_21215e84c5ef56df,Joel Embiid,NBA,51.68,57.36,7.75,0.04,14.3600,8.7600,15.6900,12.5700
$500 NBA Daily 8/19,2020-08-19T22:49:32.993093,estk_21215e84c5ef56dfda4bddbbc347c31f,evt_21215e84c5ef56df,Jayson Tatum,NBA,37.4,40.65,4.75,0.04,8.7600,7.2800,10.4400,7.2700
$500 NBA Daily 8/19,2020-08-19T22:49:32.993097,estk_21215e84c5ef56dfa9edb859d18234d0,evt_21215e84c5ef56df,Kemba Walker,NBA,33.64,34.29,2,0.04,7.0500,6.4900,8.4500,5.4100
$500 NBA Daily 8/19,2020-08-19T22:49:32.993101,estk_21215e84c5ef56df4b8c495d9fa8db90,evt_21215e84c5ef56df,Jaylen Brown,NBA,32.52,30.72,-0.5,0.04,6.2100,6.2900,8.1300,4.5900
$500 NBA Daily 8/19,2020-08-19T22:49:32.993105,estk_21215e84c5ef56df77c3d3d4d8ad15c5,evt_21215e84c5ef56df,Tobias Harris,NBA,31.86,31.84,1.25,0.04,6.0800,6.1500,7.9700,5.0900
$500 NBA Daily 8/19,2020-08-19T22:49:32.993109,estk_21215e84c5ef56df63a58b55849249a4,evt_21215e84c5ef56df,Al Horford,NBA,28.59,27.45,0,0.04,5.4500,5.4000,7.2800,4.5900
$500 NBA Daily 8/19,2020-08-19T22:49:32.993113,estk_21215e84c5ef56dfb3147c681557a264,evt_21215e84c5ef56df,Josh Richardson,NBA,25.16,26.15,2,0.04,5.0500,4.8000,6.5900,3.6100
$500 NBA Daily 8/19,2020-08-19T22:49:32.993117,estk_21215e84c5ef56df049fe8ca7bf97ec4,evt_21215e84c5ef56df,Marcus Smart,NBA,25.53,24.01,-0.5,0.04,4.7800,4.8400,6.6200,3.4800
$500 NBA Daily 8/19,2020-08-19T22:49:32.993147,estk_21215e84c5ef56df201a5680f9441b5c,evt_21215e84c5ef56df,Daniel Theis,NBA,20.39,20.57,1,0.04,4.0400,4.0100,5.6600,2.6500
$500 NBA Daily 8/19,2020-08-19T22:49:32.993155,estk_21215e84c5ef56df92bc30f31e413420,evt_21215e84c5ef56df,Matisse Thybulle,NBA,18.44,17.2,-0.5,0.04,3.6100,3.6800,5.3600,2.1600
$500 NBA Daily 8/19,2020-08-19T22:49:32.993159,estk_21215e84c5ef56df575ca725abf50fd3,evt_21215e84c5ef56df,Alec Burks,NBA,18.75,18,0,0.04,3.5600,3.7400,5.4000,2.8700
$500 NBA Daily 8/19,2020-08-19T22:49:32.993170,estk_21215e84c5ef56dfa1e25447b314f889,evt_21215e84c5ef56df,Shake Milton,NBA,16.43,17.27,1.5,0.04,3.5100,3.4100,5.0900,2.0800
$500 NBA Daily 8/19,2020-08-19T22:49:32.993182,estk_21215e84c5ef56df233a24e71677893c,evt_21215e84c5ef56df,Robert Williams,NBA,13.6,13.06,0,0.04,2.9300,3.0200,4.7100,1.9100
$500 NBA Daily 8/19,2020-08-19T22:49:32.993189,estk_21215e84c5ef56df41d6aa90727d2144,evt_21215e84c5ef56df,Brad Wanamaker,NBA,11.78,11.31,0,0.04,2.6900,2.8200,4.4800,1.3000
$500 NBA Daily 8/19,2020-08-19T22:49:32.993193,estk_21215e84c5ef56df8c88c133edc67225,evt_21215e84c5ef56df,Grant Williams,NBA,10.63,10.2,0,0.04,2.5400,2.7100,4.3600,1.2100
$500 NBA Daily 8/19,2020-08-19T22:49:32.993197,estk_21215e84c5ef56df2d6f8355da37442f,evt_21215e84c5ef56df,Enes Kanter,NBA,9.51,9.13,0,0.04,2.4800,2.6100,4.1900,1.0300
$500 NBA Daily 8/19,2020-08-19T22:51:04.130701,estk_21215e84c5ef56df7a763361bd2f9a08,evt_21215e84c5ef56df,Joel Embiid,NBA,51.68,56.85,7.75,0.05,13.9800,8.7600,15.6900,12.5700
$500 NBA Daily 8/19,2020-08-19T22:51:04.130753,estk_21215e84c5ef56dfda4bddbbc347c31f,evt_21215e84c5ef56df,Jayson Tatum,NBA,37.4,40.28,4.75,0.05,8.5800,7.2800,10.4400,7.2700
$500 NBA Daily 8/19,2020-08-19T22:51:04.130757,estk_21215e84c5ef56df77c3d3d4d8ad15c5,evt_21215e84c5ef56df,Tobias Harris,NBA,31.86,34.27,4,0.05,6.8800,6.1500,7.9700,5.2400
$500 NBA Daily 8/19,2020-08-19T22:51:04.130761,estk_21215e84c5ef56dfa9edb859d18234d0,evt_21215e84c5ef56df,Kemba Walker,NBA,33.64,33.46,1.5,0.05,6.7700,6.4900,8.4500,5.4100
$500 NBA Daily 8/19,2020-08-19T22:51:04.130765,estk_21215e84c5ef56df4b8c495d9fa8db90,evt_21215e84c5ef56df,Jaylen Brown,NBA,32.52,30.39,-0.5,0.05,6.0000,6.2900,8.1300,4.5900
$500 NBA Daily 8/19,2020-08-19T22:51:04.130769,estk_21215e84c5ef56df63a58b55849249a4,evt_21215e84c5ef56df,Al Horford,NBA,28.59,27.16,0,0.05,5.2400,5.4000,7.2800,3.9900
$500 NBA Daily 8/19,2020-08-19T22:51:04.130774,estk_21215e84c5ef56dfb3147c681557a264,evt_21215e84c5ef56df,Josh Richardson,NBA,25.16,25.9,2,0.05,5.0700,4.8000,6.5900,3.6100
$500 NBA Daily 8/19,2020-08-19T22:51:04.130786,estk_21215e84c5ef56df049fe8ca7bf97ec4,evt_21215e84c5ef56df,Marcus Smart,NBA,25.53,23.75,-0.5,0.05,4.5200,4.8400,6.6200,3.4800
$500 NBA Daily 8/19,2020-08-19T22:51:04.130807,estk_21215e84c5ef56df201a5680f9441b5c,evt_21215e84c5ef56df,Daniel Theis,NBA,20.39,20.37,1,0.05,3.9600,4.0100,5.6600,2.6500
$500 NBA Daily 8/19,2020-08-19T22:51:04.130812,estk_21215e84c5ef56dfa1e25447b314f889,evt_21215e84c5ef56df,Shake Milton,NBA,16.43,19.11,3.5,0.05,3.7800,3.4100,5.0900,2.2000
$500 NBA Daily 8/19,2020-08-19T22:51:04.130824,estk_21215e84c5ef56df575ca725abf50fd3,evt_21215e84c5ef56df,Alec Burks,NBA,18.75,17.81,0,0.05,3.5400,3.7400,5.4000,2.1800
$500 NBA Daily 8/19,2020-08-19T22:51:04.130832,estk_21215e84c5ef56df92bc30f31e413420,evt_21215e84c5ef56df,Matisse Thybulle,NBA,18.44,17.02,-0.5,0.05,3.3700,3.6800,5.3600,2.1600
$500 NBA Daily 8/19,2020-08-19T22:51:04.130844,estk_21215e84c5ef56df233a24e71677893c,evt_21215e84c5ef56df,Robert Williams,NBA,13.6,12.92,0,0.05,2.8600,3.0200,4.7100,1.9100
$500 NBA Daily 8/19,2020-08-19T22:51:04.130847,estk_21215e84c5ef56df41d6aa90727d2144,evt_21215e84c5ef56df,Brad Wanamaker,NBA,11.78,11.19,0,0.05,2.6800,2.8200,4.4800,1.3000
$500 NBA Daily 8/19,2020-08-19T22:51:04.130851,estk_21215e84c5ef56df8c88c133edc67225,evt_21215e84c5ef56df,Grant Williams,NBA,10.63,10.1,0,0.05,2.5700,2.7100,4.3600,1.2100
$500 NBA Daily 8/19,2020-08-19T22:51:04.130855,estk_21215e84c5ef56df2d6f8355da37442f,evt_21215e84c5ef56df,Enes Kanter,NBA,9.51,9.03,0,0.05,2.4300,2.6100,4.1900,1.0300
$500 NBA Daily 8/19,2020-08-19T22:52:35.128604,estk_21215e84c5ef56df7a763361bd2f9a08,evt_21215e84c5ef56df,Joel Embiid,NBA,51.68,58.26,11.75,0.1,14.0300,8.7600,15.6900,12.5700
$500 NBA Daily 8/19,2020-08-19T22:52:35.128686,estk_21215e84c5ef56dfda4bddbbc347c31f,evt_21215e84c5ef56df,Jayson Tatum,NBA,37.4,41.16,7.5,0.1,8.6400,7.2800,10.4400,7.2700
$500 NBA Daily 8/19,2020-08-19T22:52:35.128690,estk_21215e84c5ef56df77c3d3d4d8ad15c5,evt_21215e84c5ef56df,Tobias Harris,NBA,31.86,32.42,3.75,0.1,6.9400,6.1500,8.1200,5.3200
$500 NBA Daily 8/19,2020-08-19T22:52:35.128694,estk_21215e84c5ef56dfa9edb859d18234d0,evt_21215e84c5ef56df,Kemba Walker,NBA,33.64,31.78,1.5,0.1,6.6600,6.4900,8.4500,5.4100
$500 NBA Daily 8/19,2020-08-19T22:52:35.128698,estk_21215e84c5ef56df4b8c495d9fa8db90,evt_21215e84c5ef56df,Jaylen Brown,NBA,32.52,29.52,0.25,0.1,6.0600,6.2900,7.6100,4.5900
$500 NBA Daily 8/19,2020-08-19T22:52:35.128702,estk_21215e84c5ef56df63a58b55849249a4,evt_21215e84c5ef56df,Al Horford,NBA,28.59,25.73,0,0.1,5.1900,5.4000,6.7900,3.9900
$500 NBA Daily 8/19,2020-08-19T22:52:35.128706,estk_21215e84c5ef56dfb3147c681557a264,evt_21215e84c5ef56df,Josh Richardson,NBA,25.16,25.64,3,0.1,5.0000,4.8000,6.5900,3.6100
$500 NBA Daily 8/19,2020-08-19T22:52:35.128711,estk_21215e84c5ef56df049fe8ca7bf97ec4,evt_21215e84c5ef56df,Marcus Smart,NBA,25.53,21.98,-1,0.1,4.5800,4.8400,6.0800,3.4800
$500 NBA Daily 8/19,2020-08-19T22:52:35.128741,estk_21215e84c5ef56df201a5680f9441b5c,evt_21215e84c5ef56df,Daniel Theis,NBA,20.39,19.35,1,0.1,3.9400,4.0100,5.6600,2.6500
$500 NBA Daily 8/19,2020-08-19T22:52:35.128745,estk_21215e84c5ef56dfa1e25447b314f889,evt_21215e84c5ef56df,Shake Milton,NBA,16.43,18.29,3.5,0.1,3.7700,3.4100,5.0900,2.2000
$500 NBA Daily 8/19,2020-08-19T22:52:35.128758,estk_21215e84c5ef56df92bc30f31e413420,evt_21215e84c5ef56df,Matisse Thybulle,NBA,18.44,17.6,1,0.1,3.5100,3.6800,5.3600,2.1600
$500 NBA Daily 8/19,2020-08-19T22:52:35.128765,estk_21215e84c5ef56df575ca725abf50fd3,evt_21215e84c5ef56df,Alec Burks,NBA,18.75,16.88,0,0.1,3.4700,3.7400,5.4000,2.1800
$500 NBA Daily 8/19,2020-08-19T22:52:35.128777,estk_21215e84c5ef56df233a24e71677893c,evt_21215e84c5ef56df,Robert Williams,NBA,13.6,12.24,0,0.1,2.8500,3.0200,4.7100,1.9100
$500 NBA Daily 8/19,2020-08-19T22:52:35.128780,estk_21215e84c5ef56df41d6aa90727d2144,evt_21215e84c5ef56df,Brad Wanamaker,NBA,11.78,10.6,0,0.1,2.6300,2.8200,4.4800,1.3000
$500 NBA Daily 8/19,2020-08-19T22:52:35.128784,estk_21215e84c5ef56df8c88c133edc67225,evt_21215e84c5ef56df,Grant Williams,NBA,10.63,9.57,0,0.1,2.5600,2.7100,4.3600,1.2100
$500 NBA Daily 8/19,2020-08-19T22:52:35.128788,estk_21215e84c5ef56df2d6f8355da37442f,evt_21215e84c5ef56df,Enes Kanter,NBA,9.51,8.56,0,0.1,2.4400,2.6100,4.1900,1.0300
$500 NBA Daily 8/19,2020-08-19T22:54:36.581053,estk_21215e84c5ef56df7a763361bd2f9a08,evt_21215e84c5ef56df,Joel Embiid,NBA,51.68,59.75,13.75,0.11,15.3100,8.7600,16.6200,13.0200
$500 NBA Daily 8/19,2020-08-19T22:54:36.581099,estk_21215e84c5ef56dfda4bddbbc347c31f,evt_21215e84c5ef56df,Jayson Tatum,NBA,37.4,40.79,7.5,0.11,8.9200,7.2800,10.4400,7.2700
$500 NBA Daily 8/19,2020-08-19T22:54:36.581103,estk_21215e84c5ef56df77c3d3d4d8ad15c5,evt_21215e84c5ef56df,Tobias Harris,NBA,31.86,32.11,3.75,0.11,6.4400,6.1500,8.0700,5.3200
$500 NBA Daily 8/19,2020-08-19T22:54:36.581107,estk_21215e84c5ef56dfa9edb859d18234d0,evt_21215e84c5ef56df,Kemba Walker,NBA,33.64,31.44,1.5,0.11,6.3100,6.4900,7.9000,5.2800
$500 NBA Daily 8/19,2020-08-19T22:54:36.581111,estk_21215e84c5ef56df4b8c495d9fa8db90,evt_21215e84c5ef56df,Jaylen Brown,NBA,32.52,31.19,2.25,0.11,5.8500,6.2900,7.6100,4.5900
$500 NBA Daily 8/19,2020-08-19T22:54:36.581115,estk_21215e84c5ef56dfb3147c681557a264,evt_21215e84c5ef56df,Josh Richardson,NBA,25.16,26.89,4.5,0.11,4.8900,4.8000,6.5900,3.6100
$500 NBA Daily 8/19,2020-08-19T22:54:36.581119,estk_21215e84c5ef56df63a58b55849249a4,evt_21215e84c5ef56df,Al Horford,NBA,28.59,27.45,2,0.11,4.8700,5.4000,6.5400,3.9900
$500 NBA Daily 8/19,2020-08-19T22:54:36.581148,estk_21215e84c5ef56df049fe8ca7bf97ec4,evt_21215e84c5ef56df,Marcus Smart,NBA,25.53,21.72,-1,0.11,4.1800,4.8400,6.0800,3.2100
$500 NBA Daily 8/19,2020-08-19T22:54:36.581156,estk_21215e84c5ef56df201a5680f9441b5c,evt_21215e84c5ef56df,Daniel Theis,NBA,20.39,19.15,1,0.11,3.6700,4.0100,5.6600,2.6500
$500 NBA Daily 8/19,2020-08-19T22:54:36.581168,estk_21215e84c5ef56dfa1e25447b314f889,evt_21215e84c5ef56df,Shake Milton,NBA,16.43,18.12,3.5,0.11,3.5200,3.4100,5.0900,2.2000
$500 NBA Daily 8/19,2020-08-19T22:54:36.581172,estk_21215e84c5ef56df575ca725abf50fd3,evt_21215e84c5ef56df,Alec Burks,NBA,18.75,16.69,0,0.11,3.4100,3.7400,4.9200,2.1800
$500 NBA Daily 8/19,2020-08-19T22:54:36.581176,estk_21215e84c5ef56df92bc30f31e413420,evt_21215e84c5ef56df,Matisse Thybulle,NBA,18.44,17.41,1,0.11,3.4100,3.6800,5.3600,2.1600
$500 NBA Daily 8/19,2020-08-19T22:54:36.581187,estk_21215e84c5ef56df233a24e71677893c,evt_21215e84c5ef56df,Robert Williams,NBA,13.6,12.1,0,0.11,2.7200,3.0200,4.7100,1.9100
$500 NBA Daily 8/19,2020-08-19T22:54:36.581191,estk_21215e84c5ef56df41d6aa90727d2144,evt_21215e84c5ef56df,Brad Wanamaker,NBA,11.78,10.48,0,0.11,2.5700,2.8200,4.4800,1.3000
$500 NBA Daily 8/19,2020-08-19T22:54:36.581195,estk_21215e84c5ef56df8c88c133edc67225,evt_21215e84c5ef56df,Grant Williams,NBA,10.63,9.46,0,0.11,2.4200,2.7100,4.3600,1.2100
$500 NBA Daily 8/19,2020-08-19T22:54:36.581199,estk_21215e84c5ef56df2d6f8355da37442f,evt_21215e84c5ef56df,Enes Kanter,NBA,9.51,8.46,0,0.11,2.3500,2.6100,4.1900,1.0300
$500 NBA Daily 8/19,2020-08-19T22:59:09.676486,estk_21215e84c5ef56df7a763361bd2f9a08,evt_21215e84c5ef56df,Joel Embiid,NBA,51.68,60.73,15.25,0.12,15.2800,8.7600,16.6200,13.0200
$500 NBA Daily 8/19,2020-08-19T22:59:09.676533,estk_21215e84c5ef56dfda4bddbbc347c31f,evt_21215e84c5ef56df,Jayson Tatum,NBA,37.4,40.41,7.5,0.12,8.7700,7.2800,10.4400,7.2700
$500 NBA Daily 8/19,2020-08-19T22:59:09.676537,estk_21215e84c5ef56df77c3d3d4d8ad15c5,evt_21215e84c5ef56df,Tobias Harris,NBA,31.86,31.79,3.75,0.12,6.4300,6.1500,8.0000,5.3200
$500 NBA Daily 8/19,2020-08-19T22:59:09.676541,estk_21215e84c5ef56dfa9edb859d18234d0,evt_21215e84c5ef56df,Kemba Walker,NBA,33.64,31.1,1.5,0.12,6.2100,6.4900,7.9000,5.1300
$500 NBA Daily 8/19,2020-08-19T22:59:09.676545,estk_21215e84c5ef56df4b8c495d9fa8db90,evt_21215e84c5ef56df,Jaylen Brown,NBA,32.52,30.87,2.25,0.12,6.0400,6.2900,7.6100,4.5900
$500 NBA Daily 8/19,2020-08-19T22:59:09.676549,estk_21215e84c5ef56df63a58b55849249a4,evt_21215e84c5ef56df,Al Horford,NBA,28.59,27.16,2,0.12,5.1900,5.4000,6.5400,3.9900
$500 NBA Daily 8/19,2020-08-19T22:59:09.676553,estk_21215e84c5ef56dfb3147c681557a264,evt_21215e84c5ef56df,Josh Richardson,NBA,25.16,30.14,8,0.12,5.1200,4.8000,6.5900,3.6100
$500 NBA Daily 8/19,2020-08-19T22:59:09.676584,estk_21215e84c5ef56df049fe8ca7bf97ec4,evt_21215e84c5ef56df,Marcus Smart,NBA,25.53,20.47,-2,0.12,4.1700,4.8400,6.0800,3.2100
$500 NBA Daily 8/19,2020-08-19T22:59:09.676591,estk_21215e84c5ef56df201a5680f9441b5c,evt_21215e84c5ef56df,Daniel Theis,NBA,20.39,18.94,1,0.12,3.6600,4.0100,5.6600,2.6500
$500 NBA Daily 8/19,2020-08-19T22:59:09.676603,estk_21215e84c5ef56dfa1e25447b314f889,evt_21215e84c5ef56df,Shake Milton,NBA,16.43,17.96,3.5,0.12,3.5000,3.4100,5.0900,2.2000
$500 NBA Daily 8/19,2020-08-19T22:59:09.676607,estk_21215e84c5ef56df92bc30f31e413420,evt_21215e84c5ef56df,Matisse Thybulle,NBA,18.44,17.23,1,0.12,3.3900,3.6800,5.3600,2.1600
$500 NBA Daily 8/19,2020-08-19T22:59:09.676615,estk_21215e84c5ef56df575ca725abf50fd3,evt_21215e84c5ef56df,Alec Burks,NBA,18.75,16.5,0,0.12,3.3000,3.7400,4.8200,2.1800
$500 NBA Daily 8/19,2020-08-19T22:59:09.676656,estk_21215e84c5ef56df233a24e71677893c,evt_21215e84c5ef56df,Robert Williams,NBA,13.6,11.97,0,0.12,2.6500,3.0200,4.2000,1.4800
$500 NBA Daily 8/19,2020-08-19T22:59:09.676660,estk_21215e84c5ef56df41d6aa90727d2144,evt_21215e84c5ef56df,Brad Wanamaker,NBA,11.78,10.37,0,0.12,2.5000,2.8200,4.4800,1.3000
$500 NBA Daily 8/19,2020-08-19T22:59:09.676664,estk_21215e84c5ef56df8c88c133edc67225,evt_21215e84c5ef56df,Grant Williams,NBA,10.63,9.35,0,0.12,2.4000,2.7100,4.3600,1.2100
$500 NBA Daily 8/19,2020-08-19T22:59:09.676668,estk_21215e84c5ef56df2d6f8355da37442f,evt_21215e84c5ef56df,Enes Kanter,NBA,9.51,8.37,0,0.12,2.3200,2.6100,4.1900,1.0300
$500 NBA Daily 8/19,2020-08-19T23:01:41.444647,estk_21215e84c5ef56df7a763361bd2f9a08,evt_21215e84c5ef56df,Joel Embiid,NBA,51.68,60.16,16.75,0.16,15.6300,8.7600,17.1200,13.7300
$500 NBA Daily 8/19,2020-08-19T23:01:41.444693,estk_21215e84c5ef56dfda4bddbbc347c31f,evt_21215e84c5ef56df,Jayson Tatum,NBA,37.4,38.92,7.5,0.16,8.6800,7.2800,10.4400,7.2700
$500 NBA Daily 8/19,2020-08-19T23:01:41.444697,estk_21215e84c5ef56df77c3d3d4d8ad15c5,evt_21215e84c5ef56df,Tobias Harris,NBA,31.86,34.51,7.75,0.16,6.2200,6.1500,8.0000,5.3200
$500 NBA Daily 8/19,2020-08-19T23:01:41.444701,estk_21215e84c5ef56dfa9edb859d18234d0,evt_21215e84c5ef56df,Kemba Walker,NBA,33.64,30.76,2.5,0.16,6.1200,6.4900,7.9000,5.1300
$500 NBA Daily 8/19,2020-08-19T23:01:41.444705,estk_21215e84c5ef56df4b8c495d9fa8db90,evt_21215e84c5ef56df,Jaylen Brown,NBA,32.52,29.57,2.25,0.16,5.9600,6.2900,7.6100,4.5900
$500 NBA Daily 8/19,2020-08-19T23:01:41.444709,estk_21215e84c5ef56dfb3147c681557a264,evt_21215e84c5ef56df,Josh Richardson,NBA,25.16,30.38,9.25,0.16,5.8100,4.8000,7.4900,4.2500
$500 NBA Daily 8/19,2020-08-19T23:01:41.444713,estk_21215e84c5ef56df63a58b55849249a4,evt_21215e84c5ef56df,Al Horford,NBA,28.59,26.02,2,0.16,5.1600,5.4000,6.5400,3.9900
$500 NBA Daily 8/19,2020-08-19T23:01:41.444743,estk_21215e84c5ef56df049fe8ca7bf97ec4,evt_21215e84c5ef56df,Marcus Smart,NBA,25.53,21.95,0.5,0.16,3.8800,4.8400,5.4400,2.9000
$500 NBA Daily 8/19,2020-08-19T23:01:41.444750,estk_21215e84c5ef56df201a5680f9441b5c,evt_21215e84c5ef56df,Daniel Theis,NBA,20.39,17.63,0.5,0.16,3.6300,4.0100,5.1600,2.6500
$500 NBA Daily 8/19,2020-08-19T23:01:41.444766,estk_21215e84c5ef56dfa1e25447b314f889,evt_21215e84c5ef56df,Shake Milton,NBA,16.43,24.05,10.25,0.16,3.4600,3.4100,5.0900,2.2000
$500 NBA Daily 8/19,2020-08-19T23:01:41.444770,estk_21215e84c5ef56df92bc30f31e413420,evt_21215e84c5ef56df,Matisse Thybulle,NBA,18.44,16.49,1,0.16,3.3600,3.6800,5.3600,2.1600
$500 NBA Daily 8/19,2020-08-19T23:01:41.444780,estk_21215e84c5ef56df575ca725abf50fd3,evt_21215e84c5ef56df,Alec Burks,NBA,18.75,15.75,0,0.16,3.2700,3.7400,4.8200,2.1800
$500 NBA Daily 8/19,2020-08-19T23:01:41.444787,estk_21215e84c5ef56df233a24e71677893c,evt_21215e84c5ef56df,Robert Williams,NBA,13.6,11.42,0,0.16,2.6600,3.0200,4.2000,1.4800
$500 NBA Daily 8/19,2020-08-19T23:01:41.444791,estk_21215e84c5ef56df41d6aa90727d2144,evt_21215e84c5ef56df,Brad Wanamaker,NBA,11.78,9.9,0,0.16,2.4600,2.8200,4.4800,1.3000
$500 NBA Daily 8/19,2020-08-19T23:01:41.444795,estk_21215e84c5ef56df8c88c133edc67225,evt_21215e84c5ef56df,Grant Williams,NBA,10.63,12.43,3.5,0.16,2.3900,2.7100,4.3600,1.2100
$500 NBA Daily 8/19,2020-08-19T23:01:41.444799,estk_21215e84c5ef56df2d6f8355da37442f,evt_21215e84c5ef56df,Enes Kanter,NBA,9.51,7.99,0,0.16,2.3000,2.6100,4.1900,1.0300
$500 NBA Daily 8/19,2020-08-19T23:02:42.161077,estk_21215e84c5ef56df7a763361bd2f9a08,evt_21215e84c5ef56df,Joel Embiid,NBA,51.68,59.64,16.75,0.17,15.5400,8.7600,17.1200,13.7300
$500 NBA Daily 8/19,2020-08-19T23:02:42.161125,estk_21215e84c5ef56dfda4bddbbc347c31f,evt_21215e84c5ef56df,Jayson Tatum,NBA,37.4,38.54,7.5,0.17,8.2000,7.2800,9.8600,7.2700
$500 NBA Daily 8/19,2020-08-19T23:02:42.161129,estk_21215e84c5ef56df77c3d3d4d8ad15c5,evt_21215e84c5ef56df,Tobias Harris,NBA,31.86,34.94,8.5,0.17,6.8500,6.1500,8.0000,5.3200
$500 NBA Daily 8/19,2020-08-19T23:02:42.161133,estk_21215e84c5ef56dfa9edb859d18234d0,evt_21215e84c5ef56df,Kemba Walker,NBA,33.64,31.17,3.25,0.17,5.9200,6.4900,7.9000,4.9500
$500 NBA Daily 8/19,2020-08-19T23:02:42.161137,estk_21215e84c5ef56dfb3147c681557a264,evt_21215e84c5ef56df,Josh Richardson,NBA,25.16,29.63,8.75,0.17,5.8700,4.8000,7.4900,4.2500
$500 NBA Daily 8/19,2020-08-19T23:02:42.161141,estk_21215e84c5ef56df4b8c495d9fa8db90,evt_21215e84c5ef56df,Jaylen Brown,NBA,32.52,30.74,3.75,0.17,5.6500,6.2900,7.6100,4.5900
$500 NBA Daily 8/19,2020-08-19T23:02:42.161145,estk_21215e84c5ef56df63a58b55849249a4,evt_21215e84c5ef56df,Al Horford,NBA,28.59,25.73,2,0.17,4.8900,5.4000,6.5400,3.9900
$500 NBA Daily 8/19,2020-08-19T23:02:42.161168,estk_21215e84c5ef56dfa1e25447b314f889,evt_21215e84c5ef56df,Shake Milton,NBA,16.43,23.89,10.25,0.17,4.5000,3.4100,6.0900,2.9100
$500 NBA Daily 8/19,2020-08-19T23:02:42.161180,estk_21215e84c5ef56df049fe8ca7bf97ec4,evt_21215e84c5ef56df,Marcus Smart,NBA,25.53,21.69,0.5,0.17,4.0400,4.8400,5.4400,2.9000
$500 NBA Daily 8/19,2020-08-19T23:02:42.161195,estk_21215e84c5ef56df201a5680f9441b5c,evt_21215e84c5ef56df,Daniel Theis,NBA,20.39,17.42,0.5,0.17,3.3200,4.0100,4.8900,2.4600
$500 NBA Daily 8/19,2020-08-19T23:02:42.161203,estk_21215e84c5ef56df92bc30f31e413420,evt_21215e84c5ef56df,Matisse Thybulle,NBA,18.44,16.31,1,0.17,3.1900,3.6800,4.7500,2.1600
$500 NBA Daily 8/19,2020-08-19T23:02:42.161207,estk_21215e84c5ef56df575ca725abf50fd3,evt_21215e84c5ef56df,Alec Burks,NBA,18.75,15.56,0,0.17,3.0900,3.7400,4.8200,2.1800
$500 NBA Daily 8/19,2020-08-19T23:02:42.161214,estk_21215e84c5ef56df8c88c133edc67225,evt_21215e84c5ef56df,Grant Williams,NBA,10.63,12.32,3.5,0.17,2.6200,2.7100,4.3600,1.2100
$500 NBA Daily 8/19,2020-08-19T23:02:42.161218,estk_21215e84c5ef56df233a24e71677893c,evt_21215e84c5ef56df,Robert Williams,NBA,13.6,11.29,0,0.17,2.4800,3.0200,4.2000,1.4800
$500 NBA Daily 8/19,2020-08-19T23:02:42.161222,estk_21215e84c5ef56df41d6aa90727d2144,evt_21215e84c5ef56df,Brad Wanamaker,NBA,11.78,9.78,0,0.17,2.3900,2.8200,3.9400,1.3000
$500 NBA Daily 8/19,2020-08-19T23:02:42.161226,estk_21215e84c5ef56df2d6f8355da37442f,evt_21215e84c5ef56df,Enes Kanter,NBA,9.51,7.89,0,0.17,2.1500,2.6100,3.6900,1.0300
$500 NBA Daily 8/19,2020-08-19T23:07:45.388470,estk_21215e84c5ef56df7a763361bd2f9a08,evt_21215e84c5ef56df,Joel Embiid,NBA,51.68,58.11,16.25,0.19,15.3900,8.7600,17.1200,13.7300
$500 NBA Daily 8/19,2020-08-19T23:07:45.388522,estk_21215e84c5ef56dfda4bddbbc347c31f,evt_21215e84c5ef56df,Jayson Tatum,NBA,37.4,39.04,8.75,0.19,8.0400,7.2800,9.8600,7.0800
$500 NBA Daily 8/19,2020-08-19T23:07:45.388527,estk_21215e84c5ef56df77c3d3d4d8ad15c5,evt_21215e84c5ef56df,Tobias Harris,NBA,31.86,33.06,7.25,0.19,6.6400,6.1500,8.7100,5.3500
$500 NBA Daily 8/19,2020-08-19T23:07:45.388532,estk_21215e84c5ef56dfa9edb859d18234d0,evt_21215e84c5ef56df,Kemba Walker,NBA,33.64,30.5,3.25,0.19,6.0300,6.4900,7.9000,4.9500
$500 NBA Daily 8/19,2020-08-19T23:07:45.388536,estk_21215e84c5ef56df4b8c495d9fa8db90,evt_21215e84c5ef56df,Jaylen Brown,NBA,32.52,32.09,5.75,0.19,5.9400,6.2900,7.6100,4.5900
$500 NBA Daily 8/19,2020-08-19T23:07:45.388541,estk_21215e84c5ef56dfb3147c681557a264,evt_21215e84c5ef56df,Josh Richardson,NBA,25.16,29.13,8.75,0.19,5.7100,4.8000,7.4900,4.2500
$500 NBA Daily 8/19,2020-08-19T23:07:45.388546,estk_21215e84c5ef56df63a58b55849249a4,evt_21215e84c5ef56df,Al Horford,NBA,28.59,26.41,3.25,0.19,5.0800,5.4000,6.5400,3.8800
$500 NBA Daily 8/19,2020-08-19T23:07:45.388576,estk_21215e84c5ef56dfa1e25447b314f889,evt_21215e84c5ef56df,Shake Milton,NBA,16.43,23.56,10.25,0.19,4.3900,3.4100,6.0900,2.9100
$500 NBA Daily 8/19,2020-08-19T23:07:45.388585,estk_21215e84c5ef56df049fe8ca7bf97ec4,evt_21215e84c5ef56df,Marcus Smart,NBA,25.53,21.18,0.5,0.19,4.0100,4.8400,5.4400,2.9000
$500 NBA Daily 8/19,2020-08-19T23:07:45.388607,estk_21215e84c5ef56df201a5680f9441b5c,evt_21215e84c5ef56df,Daniel Theis,NBA,20.39,17.02,0.5,0.19,3.2500,4.0100,4.8900,2.3800
$500 NBA Daily 8/19,2020-08-19T23:07:45.388612,estk_21215e84c5ef56df92bc30f31e413420,evt_21215e84c5ef56df,Matisse Thybulle,NBA,18.44,15.94,1,0.19,3.1400,3.6800,4.7500,2.1600
$500 NBA Daily 8/19,2020-08-19T23:07:45.388617,estk_21215e84c5ef56df575ca725abf50fd3,evt_21215e84c5ef56df,Alec Burks,NBA,18.75,15.19,0,0.19,2.9500,3.7400,4.8200,2.0800
$500 NBA Daily 8/19,2020-08-19T23:07:45.388657,estk_21215e84c5ef56df8c88c133edc67225,evt_21215e84c5ef56df,Grant Williams,NBA,10.63,12.11,3.5,0.19,2.6400,2.7100,4.3600,1.2100
$500 NBA Daily 8/19,2020-08-19T23:07:45.388662,estk_21215e84c5ef56df233a24e71677893c,evt_21215e84c5ef56df,Robert Williams,NBA,13.6,11.02,0,0.19,2.4900,3.0200,4.2000,1.4800
$500 NBA Daily 8/19,2020-08-19T23:07:45.388666,estk_21215e84c5ef56df41d6aa90727d2144,evt_21215e84c5ef56df,Brad Wanamaker,NBA,11.78,11.04,1.5,0.19,2.3200,2.8200,3.9400,1.3000
$500 NBA Daily 8/19,2020-08-19T23:07:45.388671,estk_21215e84c5ef56df2d6f8355da37442f,evt_21215e84c5ef56df,Enes Kanter,NBA,9.51,7.7,0,0.19,2.1700,2.6100,3.6700,1.0300
$500 NBA Daily 8/19,2020-08-19T23:08:46.059165,estk_21215e84c5ef56df7a763361bd2f9a08,evt_21215e84c5ef56df,Joel Embiid,NBA,51.68,61.08,20.25,0.21,14.8600,8.7600,16.6600,13.7300
$500 NBA Daily 8/19,2020-08-19T23:08:46.059214,estk_21215e84c5ef56dfda4bddbbc347c31f,evt_21215e84c5ef56df,Jayson Tatum,NBA,37.4,39.8,10.25,0.21,8.3000,7.2800,9.8600,7.0800
$500 NBA Daily 8/19,2020-08-19T23:08:46.059218,estk_21215e84c5ef56df77c3d3d4d8ad15c5,evt_21215e84c5ef56df,Tobias Harris,NBA,31.86,32.42,7.25,0.21,6.5800,6.1500,8.7100,5.3500
$500 NBA Daily 8/19,2020-08-19T23:08:46.059222,estk_21215e84c5ef56df4b8c495d9fa8db90,evt_21215e84c5ef56df,Jaylen Brown,NBA,32.52,36.94,11.25,0.21,6.3100,6.2900,7.6100,4.5900
$500 NBA Daily 8/19,2020-08-19T23:08:46.059227,estk_21215e84c5ef56dfa9edb859d18234d0,evt_21215e84c5ef56df,Kemba Walker,NBA,33.64,29.83,3.25,0.21,5.9000,6.4900,7.9000,4.9500
$500 NBA Daily 8/19,2020-08-19T23:08:46.059230,estk_21215e84c5ef56dfb3147c681557a264,evt_21215e84c5ef56df,Josh Richardson,NBA,25.16,28.63,8.75,0.21,5.5500,4.8000,7.4900,4.2500
$500 NBA Daily 8/19,2020-08-19T23:08:46.059235,estk_21215e84c5ef56df63a58b55849249a4,evt_21215e84c5ef56df,Al Horford,NBA,28.59,25.84,3.25,0.21,4.9000,5.4000,6.5400,3.8800
$500 NBA Daily 8/19,2020-08-19T23:08:46.059261,estk_21215e84c5ef56dfa1e25447b314f889,evt_21215e84c5ef56df,Shake Milton,NBA,16.43,23.23,10.25,0.21,4.3400,3.4100,6.0900,2.9100
$500 NBA Daily 8/19,2020-08-19T23:08:46.059269,estk_21215e84c5ef56df049fe8ca7bf97ec4,evt_21215e84c5ef56df,Marcus Smart,NBA,25.53,20.67,0.5,0.21,3.8500,4.8400,5.4400,2.9000
$500 NBA Daily 8/19,2020-08-19T23:08:46.059288,estk_21215e84c5ef56df201a5680f9441b5c,evt_21215e84c5ef56df,Daniel Theis,NBA,20.39,16.61,0.5,0.21,3.2100,4.0100,4.8900,2.3800
$500 NBA Daily 8/19,2020-08-19T23:08:46.059292,estk_21215e84c5ef56df92bc30f31e413420,evt_21215e84c5ef56df,Matisse Thybulle,NBA,18.44,15.57,1,0.21,3.0400,3.6800,4.7500,2.1600
$500 NBA Daily 8/19,2020-08-19T23:08:46.059300,estk_21215e84c5ef56df575ca725abf50fd3,evt_21215e84c5ef56df,Alec Burks,NBA,18.75,14.81,0,0.21,2.9400,3.7400,4.8200,2.0800
$500 NBA Daily 8/19,2020-08-19T23:08:46.059304,estk_21215e84c5ef56df8c88c133edc67225,evt_21215e84c5ef56df,Grant Williams,NBA,10.63,11.9,3.5,0.21,2.6200,2.7100,4.3600,1.2100
$500 NBA Daily 8/19,2020-08-19T23:08:46.059308,estk_21215e84c5ef56df233a24e71677893c,evt_21215e84c5ef56df,Robert Williams,NBA,13.6,10.74,0,0.21,2.4600,3.0200,4.2000,1.4800
$500 NBA Daily 8/19,2020-08-19T23:08:46.059312,estk_21215e84c5ef56df41d6aa90727d2144,evt_21215e84c5ef56df,Brad Wanamaker,NBA,11.78,10.81,1.5,0.21,2.4600,2.8200,3.9400,1.3000
$500 NBA Daily 8/19,2020-08-19T23:08:46.059316,estk_21215e84c5ef56df2d6f8355da37442f,evt_21215e84c5ef56df,Enes Kanter,NBA,9.51,7.51,0,0.21,2.1100,2.6100,3.6700,1.0300
$500 NBA Daily 8/19,2020-08-19T23:09:46.769181,estk_21215e84c5ef56df7a763361bd2f9a08,evt_21215e84c5ef56df,Joel Embiid,NBA,51.68,60.56,20.25,0.22,15.9600,8.7600,17.7800,14.1400
$500 NBA Daily 8/19,2020-08-19T23:09:46.769233,estk_21215e84c5ef56dfda4bddbbc347c31f,evt_21215e84c5ef56df,Jayson Tatum,NBA,37.4,42.92,13.75,0.22,8.4100,7.2800,9.8600,7.0800
$500 NBA Daily 8/19,2020-08-19T23:09:46.769237,estk_21215e84c5ef56df4b8c495d9fa8db90,evt_21215e84c5ef56df,Jaylen Brown,NBA,32.52,36.62,11.25,0.22,7.6300,6.2900,9.2800,5.9800
$500 NBA Daily 8/19,2020-08-19T23:09:46.769241,estk_21215e84c5ef56df77c3d3d4d8ad15c5,evt_21215e84c5ef56df,Tobias Harris,NBA,31.86,32.1,7.25,0.22,6.3400,6.1500,7.9700,5.3500
$500 NBA Daily 8/19,2020-08-19T23:09:46.769245,estk_21215e84c5ef56dfa9edb859d18234d0,evt_21215e84c5ef56df,Kemba Walker,NBA,33.64,29.49,3.25,0.22,5.6600,6.4900,7.2700,4.6800
$500 NBA Daily 8/19,2020-08-19T23:09:46.769250,estk_21215e84c5ef56dfb3147c681557a264,evt_21215e84c5ef56df,Josh Richardson,NBA,25.16,29.12,9.5,0.22,5.4300,4.8000,7.4900,4.2500
$500 NBA Daily 8/19,2020-08-19T23:09:46.769254,estk_21215e84c5ef56df63a58b55849249a4,evt_21215e84c5ef56df,Al Horford,NBA,28.59,25.55,3.25,0.22,4.7500,5.4000,6.5400,3.8800
$500 NBA Daily 8/19,2020-08-19T23:09:46.769283,estk_21215e84c5ef56dfa1e25447b314f889,evt_21215e84c5ef56df,Shake Milton,NBA,16.43,23.07,10.25,0.22,4.1700,3.4100,6.0900,2.9100
$500 NBA Daily 8/19,2020-08-19T23:09:46.769288,estk_21215e84c5ef56df049fe8ca7bf97ec4,evt_21215e84c5ef56df,Marcus Smart,NBA,25.53,20.41,0.5,0.22,3.8000,4.8400,5.4400,2.9000
$500 NBA Daily 8/19,2020-08-19T23:09:46.769307,estk_21215e84c5ef56df201a5680f9441b5c,evt_21215e84c5ef56df,Daniel Theis,NBA,20.39,16.4,0.5,0.22,3.1100,4.0100,4.8900,2.2100
$500 NBA Daily 8/19,2020-08-19T23:09:46.769314,estk_21215e84c5ef56df92bc30f31e413420,evt_21215e84c5ef56df,Matisse Thybulle,NBA,18.44,15.38,1,0.22,2.9200,3.6800,4.7500,2.0400
$500 NBA Daily 8/19,2020-08-19T23:09:46.769318,estk_21215e84c5ef56df575ca725abf50fd3,evt_21215e84c5ef56df,Alec Burks,NBA,18.75,14.63,0,0.22,2.8600,3.7400,4.4200,1.9900
$500 NBA Daily 8/19,2020-08-19T23:09:46.769322,estk_21215e84c5ef56df8c88c133edc67225,evt_21215e84c5ef56df,Grant Williams,NBA,10.63,13.04,4.75,0.22,2.4800,2.7100,4.3600,1.2100
$500 NBA Daily 8/19,2020-08-19T23:09:46.769326,estk_21215e84c5ef56df233a24e71677893c,evt_21215e84c5ef56df,Robert Williams,NBA,13.6,10.61,0,0.22,2.3900,3.0200,4.2000,1.4800
$500 NBA Daily 8/19,2020-08-19T23:09:46.769330,estk_21215e84c5ef56df41d6aa90727d2144,evt_21215e84c5ef56df,Brad Wanamaker,NBA,11.78,10.69,1.5,0.22,2.3700,2.8200,3.9400,1.3000
$500 NBA Daily 8/19,2020-08-19T23:09:46.769334,estk_21215e84c5ef56df2d6f8355da37442f,evt_21215e84c5ef56df,Enes Kanter,NBA,9.51,8.92,1.5,0.22,2.0500,2.6100,3.6700,1.0300
$500 NBA Daily 8/19,2020-08-19T23:10:47.437230,estk_21215e84c5ef56df7a763361bd2f9a08,evt_21215e84c5ef56df,Joel Embiid,NBA,51.68,61.03,21.75,0.24,15.9600,8.7600,17.7800,14.1400
$500 NBA Daily 8/19,2020-08-19T23:10:47.437277,estk_21215e84c5ef56dfda4bddbbc347c31f,evt_21215e84c5ef56df,Jayson Tatum,NBA,37.4,42.17,13.75,0.24,8.4100,7.2800,9.8600,7.0800
$500 NBA Daily 8/19,2020-08-19T23:10:47.437281,estk_21215e84c5ef56df4b8c495d9fa8db90,evt_21215e84c5ef56df,Jaylen Brown,NBA,32.52,35.97,11.25,0.24,7.6300,6.2900,9.2800,5.9800
$500 NBA Daily 8/19,2020-08-19T23:10:47.437285,estk_21215e84c5ef56df77c3d3d4d8ad15c5,evt_21215e84c5ef56df,Tobias Harris,NBA,31.86,31.46,7.25,0.24,6.3400,6.1500,7.9700,5.3500
$500 NBA Daily 8/19,2020-08-19T23:10:47.437289,estk_21215e84c5ef56dfa9edb859d18234d0,evt_21215e84c5ef56df,Kemba Walker,NBA,33.64,28.82,3.25,0.24,5.6600,6.4900,7.2700,4.6800
$500 NBA Daily 8/19,2020-08-19T23:10:47.437293,estk_21215e84c5ef56dfb3147c681557a264,evt_21215e84c5ef56df,Josh Richardson,NBA,25.16,28.62,9.5,0.24,5.4300,4.8000,7.4900,4.2500
$500 NBA Daily 8/19,2020-08-19T23:10:47.437297,estk_21215e84c5ef56df63a58b55849249a4,evt_21215e84c5ef56df,Al Horford,NBA,28.59,24.98,3.25,0.24,4.7500,5.4000,6.5400,3.8800
$500 NBA Daily 8/19,2020-08-19T23:10:47.437327,estk_21215e84c5ef56dfa1e25447b314f889,evt_21215e84c5ef56df,Shake Milton,NBA,16.43,22.74,10.25,0.24,4.1700,3.4100,6.0900,2.9100
$500 NBA Daily 8/19,2020-08-19T23:10:47.437331,estk_21215e84c5ef56df049fe8ca7bf97ec4,evt_21215e84c5ef56df,Marcus Smart,NBA,25.53,19.9,0.5,0.24,3.8000,4.8400,5.4400,2.9000
$500 NBA Daily 8/19,2020-08-19T23:10:47.437350,estk_21215e84c5ef56df201a5680f9441b5c,evt_21215e84c5ef56df,Daniel Theis,NBA,20.39,16,0.5,0.24,3.1100,4.0100,4.8900,2.2100
$500 NBA Daily 8/19,2020-08-19T23:10:47.437358,estk_21215e84c5ef56df92bc30f31e413420,evt_21215e84c5ef56df,Matisse Thybulle,NBA,18.44,16.26,2.25,0.24,2.9200,3.6800,4.7500,2.0400
$500 NBA Daily 8/19,2020-08-19T23:10:47.437362,estk_21215e84c5ef56df575ca725abf50fd3,evt_21215e84c5ef56df,Alec Burks,NBA,18.75,14.25,0,0.24,2.8600,3.7400,4.4200,1.9900
$500 NBA Daily 8/19,2020-08-19T23:10:47.437366,estk_21215e84c5ef56df8c88c133edc67225,evt_21215e84c5ef56df,Grant Williams,NBA,10.63,14.08,6,0.24,2.4800,2.7100,4.3600,1.2100
$500 NBA Daily 8/19,2020-08-19T23:10:47.437370,estk_21215e84c5ef56df233a24e71677893c,evt_21215e84c5ef56df,Robert Williams,NBA,13.6,10.34,0,0.24,2.3900,3.0200,4.2000,1.4800
$500 NBA Daily 8/19,2020-08-19T23:10:47.437374,estk_21215e84c5ef56df41d6aa90727d2144,evt_21215e84c5ef56df,Brad Wanamaker,NBA,11.78,10.45,1.5,0.24,2.3700,2.8200,3.9400,1.3000
$500 NBA Daily 8/19,2020-08-19T23:10:47.437378,estk_21215e84c5ef56df2d6f8355da37442f,evt_21215e84c5ef56df,Enes Kanter,NBA,9.51,8.23,1,0.24,2.0500,2.6100,3.6700,1.0300
$500 NBA Daily 8/19,2020-08-19T23:11:48.148765,estk_21215e84c5ef56df7a763361bd2f9a08,evt_21215e84c5ef56df,Joel Embiid,NBA,51.68,60.51,21.75,0.25,16.0500,8.7600,17.7800,14.2300
$500 NBA Daily 8/19,2020-08-19T23:11:48.148812,estk_21215e84c5ef56dfda4bddbbc347c31f,evt_21215e84c5ef56df,Jayson Tatum,NBA,37.4,45.3,17.25,0.25,9.1400,7.2800,10.8200,7.6100
$500 NBA Daily 8/19,2020-08-19T23:11:48.148816,estk_21215e84c5ef56df4b8c495d9fa8db90,evt_21215e84c5ef56df,Jaylen Brown,NBA,32.52,35.64,11.25,0.25,7.2400,6.2900,9.2800,5.9800
$500 NBA Daily 8/19,2020-08-19T23:11:48.148820,estk_21215e84c5ef56df77c3d3d4d8ad15c5,evt_21215e84c5ef56df,Tobias Harris,NBA,31.86,30.64,6.75,0.25,6.0700,6.1500,7.9700,5.0900
$500 NBA Daily 8/19,2020-08-19T23:11:48.148824,estk_21215e84c5ef56dfa9edb859d18234d0,evt_21215e84c5ef56df,Kemba Walker,NBA,33.64,28.48,3.25,0.25,5.4800,6.4900,7.2700,4.5000
$500 NBA Daily 8/19,2020-08-19T23:11:48.148828,estk_21215e84c5ef56dfb3147c681557a264,evt_21215e84c5ef56df,Josh Richardson,NBA,25.16,28.37,9.5,0.25,5.3100,4.8000,6.9200,4.2500
$500 NBA Daily 8/19,2020-08-19T23:11:48.148851,estk_21215e84c5ef56df63a58b55849249a4,evt_21215e84c5ef56df,Al Horford,NBA,28.59,24.69,3.25,0.25,4.5200,5.4000,6.0800,3.6500
$500 NBA Daily 8/19,2020-08-19T23:11:48.148862,estk_21215e84c5ef56dfa1e25447b314f889,evt_21215e84c5ef56df,Shake Milton,NBA,16.43,22.57,10.25,0.25,4.1100,3.4100,6.0900,2.9100
$500 NBA Daily 8/19,2020-08-19T23:11:48.148877,estk_21215e84c5ef56df049fe8ca7bf97ec4,evt_21215e84c5ef56df,Marcus Smart,NBA,25.53,19.65,0.5,0.25,3.5500,4.8400,5.4400,2.6000
$500 NBA Daily 8/19,2020-08-19T23:11:48.148889,estk_21215e84c5ef56df201a5680f9441b5c,evt_21215e84c5ef56df,Daniel Theis,NBA,20.39,15.79,0.5,0.25,2.9700,4.0100,4.5200,2.1400
$500 NBA Daily 8/19,2020-08-19T23:11:48.148893,estk_21215e84c5ef56df92bc30f31e413420,evt_21215e84c5ef56df,Matisse Thybulle,NBA,18.44,16.08,2.25,0.25,2.9500,3.6800,4.7500,2.0400
$500 NBA Daily 8/19,2020-08-19T23:11:48.148897,estk_21215e84c5ef56df575ca725abf50fd3,evt_21215e84c5ef56df,Alec Burks,NBA,18.75,14.06,0,0.25,2.7600,3.7400,4.2800,1.7800
$500 NBA Daily 8/19,2020-08-19T23:11:48.148901,estk_21215e84c5ef56df8c88c133edc67225,evt_21215e84c5ef56df,Grant Williams,NBA,10.63,13.97,6,0.25,2.6600,2.7100,4.3600,1.2100
$500 NBA Daily 8/19,2020-08-19T23:11:48.148904,estk_21215e84c5ef56df41d6aa90727d2144,evt_21215e84c5ef56df,Brad Wanamaker,NBA,11.78,10.33,1.5,0.25,2.3300,2.8200,3.9400,1.3000
$500 NBA Daily 8/19,2020-08-19T23:11:48.148909,estk_21215e84c5ef56df233a24e71677893c,evt_21215e84c5ef56df,Robert Williams,NBA,13.6,10.2,0,0.25,2.2900,3.0200,4.2000,1.4800
$500 NBA Daily 8/19,2020-08-19T23:11:48.148912,estk_21215e84c5ef56df2d6f8355da37442f,evt_21215e84c5ef56df,Enes Kanter,NBA,9.51,8.13,1,0.25,2.1000,2.6100,3.6700,1.0300
$500 NBA Daily 8/19,2020-08-19T23:15:50.735188,estk_21215e84c5ef56df7a763361bd2f9a08,evt_21215e84c5ef56df,Joel Embiid,NBA,51.68,59.99,21.75,0.26,15.8300,8.7600,17.7800,14.1400
$500 NBA Daily 8/19,2020-08-19T23:15:50.735227,estk_21215e84c5ef56dfda4bddbbc347c31f,evt_21215e84c5ef56df,Jayson Tatum,NBA,37.4,44.93,17.25,0.26,10.2200,7.2800,12.0500,8.6300
$500 NBA Daily 8/19,2020-08-19T23:15:50.735239,estk_21215e84c5ef56df4b8c495d9fa8db90,evt_21215e84c5ef56df,Jaylen Brown,NBA,32.52,35.31,11.25,0.26,7.1100,6.2900,8.7500,5.9800
$500 NBA Daily 8/19,2020-08-19T23:15:50.735242,estk_21215e84c5ef56df77c3d3d4d8ad15c5,evt_21215e84c5ef56df,Tobias Harris,NBA,31.86,30.33,6.75,0.26,5.8300,6.1500,7.4100,4.8500
$500 NBA Daily 8/19,2020-08-19T23:15:50.735246,estk_21215e84c5ef56dfa9edb859d18234d0,evt_21215e84c5ef56df,Kemba Walker,NBA,33.64,28.14,3.25,0.26,5.2500,6.4900,7.2700,4.0500
$500 NBA Daily 8/19,2020-08-19T23:15:50.735251,estk_21215e84c5ef56dfb3147c681557a264,evt_21215e84c5ef56df,Josh Richardson,NBA,25.16,28.12,9.5,0.26,5.2000,4.8000,6.9200,4.2500
$500 NBA Daily 8/19,2020-08-19T23:15:50.735274,estk_21215e84c5ef56df63a58b55849249a4,evt_21215e84c5ef56df,Al Horford,NBA,28.59,24.41,3.25,0.26,4.4300,5.4000,6.0400,3.5700
$500 NBA Daily 8/19,2020-08-19T23:15:50.735285,estk_21215e84c5ef56dfa1e25447b314f889,evt_21215e84c5ef56df,Shake Milton,NBA,16.43,22.41,10.25,0.26,4.0800,3.4100,5.5600,2.9100
$500 NBA Daily 8/19,2020-08-19T23:15:50.735300,estk_21215e84c5ef56df049fe8ca7bf97ec4,evt_21215e84c5ef56df,Marcus Smart,NBA,25.53,19.39,0.5,0.26,3.5300,4.8400,5.4400,2.6000
$500 NBA Daily 8/19,2020-08-19T23:15:50.735311,estk_21215e84c5ef56df92bc30f31e413420,evt_21215e84c5ef56df,Matisse Thybulle,NBA,18.44,15.9,2.25,0.26,2.9400,3.6800,4.7500,2.0400
$500 NBA Daily 8/19,2020-08-19T23:15:50.735315,estk_21215e84c5ef56df201a5680f9441b5c,evt_21215e84c5ef56df,Daniel Theis,NBA,20.39,15.59,0.5,0.26,2.8900,4.0100,4.5200,2.0200
$500 NBA Daily 8/19,2020-08-19T23:15:50.735319,estk_21215e84c5ef56df575ca725abf50fd3,evt_21215e84c5ef56df,Alec Burks,NBA,18.75,13.88,0,0.26,2.6800,3.7400,4.2800,1.7800
$500 NBA Daily 8/19,2020-08-19T23:15:50.735323,estk_21215e84c5ef56df8c88c133edc67225,evt_21215e84c5ef56df,Grant Williams,NBA,10.63,13.87,6,0.26,2.6800,2.7100,4.3600,1.2100
$500 NBA Daily 8/19,2020-08-19T23:15:50.735327,estk_21215e84c5ef56df233a24e71677893c,evt_21215e84c5ef56df,Robert Williams,NBA,13.6,10.06,0,0.26,2.2500,3.0200,4.2000,1.4200
$500 NBA Daily 8/19,2020-08-19T23:15:50.735331,estk_21215e84c5ef56df41d6aa90727d2144,evt_21215e84c5ef56df,Brad Wanamaker,NBA,11.78,10.22,1.5,0.26,2.2500,2.8200,3.9400,1.3000
$500 NBA Daily 8/19,2020-08-19T23:15:50.735334,estk_21215e84c5ef56df2d6f8355da37442f,evt_21215e84c5ef56df,Enes Kanter,NBA,9.51,8.04,1,0.26,2.0600,2.6100,3.6700,1.0300
$500 NBA Daily 8/19,2020-08-19T23:18:52.717488,estk_21215e84c5ef56df7a763361bd2f9a08,evt_21215e84c5ef56df,Joel Embiid,NBA,51.68,59.68,23.5,0.3,15.6300,8.7600,17.7800,14.1400
$500 NBA Daily 8/19,2020-08-19T23:18:52.717527,estk_21215e84c5ef56dfda4bddbbc347c31f,evt_21215e84c5ef56df,Jayson Tatum,NBA,37.4,47.68,21.5,0.3,10.2100,7.2800,12.0500,8.6300
$500 NBA Daily 8/19,2020-08-19T23:18:52.717539,estk_21215e84c5ef56df4b8c495d9fa8db90,evt_21215e84c5ef56df,Jaylen Brown,NBA,32.52,34.01,11.25,0.3,7.1600,6.2900,8.7500,5.9800
$500 NBA Daily 8/19,2020-08-19T23:18:52.717543,estk_21215e84c5ef56df77c3d3d4d8ad15c5,evt_21215e84c5ef56df,Tobias Harris,NBA,31.86,28.55,6.25,0.3,5.7600,6.1500,7.4100,4.8500
$500 NBA Daily 8/19,2020-08-19T23:18:52.717547,estk_21215e84c5ef56dfa9edb859d18234d0,evt_21215e84c5ef56df,Kemba Walker,NBA,33.64,26.8,3.25,0.3,5.2100,6.4900,7.2700,4.0500
$500 NBA Daily 8/19,2020-08-19T23:18:52.717551,estk_21215e84c5ef56dfb3147c681557a264,evt_21215e84c5ef56df,Josh Richardson,NBA,25.16,27.11,9.5,0.3,5.2100,4.8000,6.9200,4.2500
$500 NBA Daily 8/19,2020-08-19T23:18:52.717577,estk_21215e84c5ef56df63a58b55849249a4,evt_21215e84c5ef56df,Al Horford,NBA,28.59,23.26,3.25,0.3,4.4000,5.4000,6.0400,3.3200
$500 NBA Daily 8/19,2020-08-19T23:18:52.717584,estk_21215e84c5ef56dfa1e25447b314f889,evt_21215e84c5ef56df,Shake Milton,NBA,16.43,21.75,10.25,0.3,3.9500,3.4100,5.5600,2.9100
$500 NBA Daily 8/19,2020-08-19T23:18:52.717600,estk_21215e84c5ef56df049fe8ca7bf97ec4,evt_21215e84c5ef56df,Marcus Smart,NBA,25.53,18.37,0.5,0.3,3.4600,4.8400,5.4400,2.6000
$500 NBA Daily 8/19,2020-08-19T23:18:52.717611,estk_21215e84c5ef56df92bc30f31e413420,evt_21215e84c5ef56df,Matisse Thybulle,NBA,18.44,15.16,2.25,0.3,2.9200,3.6800,4.7500,2.0400
$500 NBA Daily 8/19,2020-08-19T23:18:52.717615,estk_21215e84c5ef56df201a5680f9441b5c,evt_21215e84c5ef56df,Daniel Theis,NBA,20.39,14.77,0.5,0.3,2.8700,4.0100,4.5200,2.0200
$500 NBA Daily 8/19,2020-08-19T23:18:52.717619,estk_21215e84c5ef56df575ca725abf50fd3,evt_21215e84c5ef56df,Alec Burks,NBA,18.75,13.13,0,0.3,2.6600,3.7400,4.2800,1.7800
$500 NBA Daily 8/19,2020-08-19T23:18:52.717623,estk_21215e84c5ef56df8c88c133edc67225,evt_21215e84c5ef56df,Grant Williams,NBA,10.63,16.19,8.75,0.3,2.6500,2.7100,4.3600,1.2100
$500 NBA Daily 8/19,2020-08-19T23:18:52.717627,estk_21215e84c5ef56df41d6aa90727d2144,evt_21215e84c5ef56df,Brad Wanamaker,NBA,11.78,12.75,4.5,0.3,2.2500,2.8200,3.9400,1.3000
$500 NBA Daily 8/19,2020-08-19T23:18:52.717631,estk_21215e84c5ef56df233a24e71677893c,evt_21215e84c5ef56df,Robert Williams,NBA,13.6,9.52,0,0.3,2.2300,3.0200,4.2000,1.4200
$500 NBA Daily 8/19,2020-08-19T23:18:52.717635,estk_21215e84c5ef56df2d6f8355da37442f,evt_21215e84c5ef56df,Enes Kanter,NBA,9.51,14.41,7.75,0.3,2.0400,2.6100,3.6700,1.0300
$500 NBA Daily 8/19,2020-08-19T23:20:53.987314,estk_21215e84c5ef56df7a763361bd2f9a08,evt_21215e84c5ef56df,Joel Embiid,NBA,51.68,59.89,24.75,0.32,15.8600,8.7600,17.7800,14.1400
$500 NBA Daily 8/19,2020-08-19T23:20:53.987354,estk_21215e84c5ef56dfda4bddbbc347c31f,evt_21215e84c5ef56df,Jayson Tatum,NBA,37.4,51.93,26.5,0.32,12.7100,7.2800,13.0000,9.5400
$500 NBA Daily 8/19,2020-08-19T23:20:53.987370,estk_21215e84c5ef56df4b8c495d9fa8db90,evt_21215e84c5ef56df,Jaylen Brown,NBA,32.52,33.36,11.25,0.32,6.4900,6.2900,8.7500,5.6100
$500 NBA Daily 8/19,2020-08-19T23:20:53.987373,estk_21215e84c5ef56df77c3d3d4d8ad15c5,evt_21215e84c5ef56df,Tobias Harris,NBA,31.86,27.41,5.75,0.32,4.9200,6.1500,7.4100,4.4400
$500 NBA Daily 8/19,2020-08-19T23:20:53.987385,estk_21215e84c5ef56dfb3147c681557a264,evt_21215e84c5ef56df,Josh Richardson,NBA,25.16,26.61,9.5,0.32,4.7700,4.8000,6.9200,4.1000
$500 NBA Daily 8/19,2020-08-19T23:20:53.987397,estk_21215e84c5ef56dfa9edb859d18234d0,evt_21215e84c5ef56df,Kemba Walker,NBA,33.64,26.13,3.25,0.32,4.6700,6.4900,6.4400,3.7100
$500 NBA Daily 8/19,2020-08-19T23:20:53.987412,estk_21215e84c5ef56df63a58b55849249a4,evt_21215e84c5ef56df,Al Horford,NBA,28.59,22.19,2.75,0.32,3.9000,5.4000,6.0400,3.2900
$500 NBA Daily 8/19,2020-08-19T23:20:53.987423,estk_21215e84c5ef56dfa1e25447b314f889,evt_21215e84c5ef56df,Shake Milton,NBA,16.43,21.42,10.25,0.32,3.7000,3.4100,5.5600,2.9100
$500 NBA Daily 8/19,2020-08-19T23:20:53.987434,estk_21215e84c5ef56df049fe8ca7bf97ec4,evt_21215e84c5ef56df,Marcus Smart,NBA,25.53,17.86,0.5,0.32,3.0900,4.8400,4.7900,2.2200
$500 NBA Daily 8/19,2020-08-19T23:20:53.987442,estk_21215e84c5ef56df2d6f8355da37442f,evt_21215e84c5ef56df,Enes Kanter,NBA,9.51,16.72,10.25,0.32,2.9900,2.6100,4.1900,1.0900
$500 NBA Daily 8/19,2020-08-19T23:20:53.987446,estk_21215e84c5ef56df8c88c133edc67225,evt_21215e84c5ef56df,Grant Williams,NBA,10.63,15.98,8.75,0.32,2.8400,2.7100,4.3600,1.3700
$500 NBA Daily 8/19,2020-08-19T23:20:53.987450,estk_21215e84c5ef56df92bc30f31e413420,evt_21215e84c5ef56df,Matisse Thybulle,NBA,18.44,14.79,2.25,0.32,2.7200,3.6800,4.7500,1.8400
$500 NBA Daily 8/19,2020-08-19T23:20:53.987454,estk_21215e84c5ef56df41d6aa90727d2144,evt_21215e84c5ef56df,Brad Wanamaker,NBA,11.78,14.51,6.5,0.32,2.6700,2.8200,3.9400,1.3000
$500 NBA Daily 8/19,2020-08-19T23:20:53.987457,estk_21215e84c5ef56df201a5680f9441b5c,evt_21215e84c5ef56df,Daniel Theis,NBA,20.39,14.37,0.5,0.32,2.6200,4.0100,4.2500,1.6600
$500 NBA Daily 8/19,2020-08-19T23:20:53.987461,estk_21215e84c5ef56df575ca725abf50fd3,evt_21215e84c5ef56df,Alec Burks,NBA,18.75,12.75,0,0.32,2.4400,3.7400,4.2800,1.7200
$500 NBA Daily 8/19,2020-08-19T23:20:53.987466,estk_21215e84c5ef56df233a24e71677893c,evt_21215e84c5ef56df,Robert Williams,NBA,13.6,9.25,0,0.32,2.0800,3.0200,3.6600,1.3000
$500 NBA Daily 8/19,2020-08-19T23:25:57.408608,estk_21215e84c5ef56df7a763361bd2f9a08,evt_21215e84c5ef56df,Joel Embiid,NBA,51.68,58.88,24.25,0.33,15.6600,8.7600,17.7800,14.1400
$500 NBA Daily 8/19,2020-08-19T23:25:57.408700,estk_21215e84c5ef56dfda4bddbbc347c31f,evt_21215e84c5ef56df,Jayson Tatum,NBA,37.4,51.56,26.5,0.33,12.7400,7.2800,14.4600,10.9900
$500 NBA Daily 8/19,2020-08-19T23:25:57.408715,estk_21215e84c5ef56df4b8c495d9fa8db90,evt_21215e84c5ef56df,Jaylen Brown,NBA,32.52,33.04,11.25,0.33,6.5200,6.2900,8.1200,5.5200
$500 NBA Daily 8/19,2020-08-19T23:25:57.408723,estk_21215e84c5ef56df77c3d3d4d8ad15c5,evt_21215e84c5ef56df,Tobias Harris,NBA,31.86,27.1,5.75,0.33,4.9300,6.1500,6.4900,3.7200
$500 NBA Daily 8/19,2020-08-19T23:25:57.408731,estk_21215e84c5ef56dfb3147c681557a264,evt_21215e84c5ef56df,Josh Richardson,NBA,25.16,26.36,9.5,0.33,4.8600,4.8000,6.3700,3.6400
$500 NBA Daily 8/19,2020-08-19T23:25:57.408746,estk_21215e84c5ef56dfa9edb859d18234d0,evt_21215e84c5ef56df,Kemba Walker,NBA,33.64,25.79,3.25,0.33,4.7200,6.4900,6.4400,3.7100
$500 NBA Daily 8/19,2020-08-19T23:25:57.408758,estk_21215e84c5ef56df63a58b55849249a4,evt_21215e84c5ef56df,Al Horford,NBA,28.59,21.91,2.75,0.33,3.9400,5.4000,5.4500,2.9000
$500 NBA Daily 8/19,2020-08-19T23:25:57.408770,estk_21215e84c5ef56dfa1e25447b314f889,evt_21215e84c5ef56df,Shake Milton,NBA,16.43,21.26,10.25,0.33,3.7700,3.4100,5.5600,2.5900
$500 NBA Daily 8/19,2020-08-19T23:25:57.408781,estk_21215e84c5ef56df049fe8ca7bf97ec4,evt_21215e84c5ef56df,Marcus Smart,NBA,25.53,17.61,0.5,0.33,3.1600,4.8400,4.7900,2.2200
$500 NBA Daily 8/19,2020-08-19T23:25:57.408785,estk_21215e84c5ef56df8c88c133edc67225,evt_21215e84c5ef56df,Grant Williams,NBA,10.63,17.12,10,0.33,3.0700,2.7100,4.3600,1.5100
$500 NBA Daily 8/19,2020-08-19T23:25:57.408789,estk_21215e84c5ef56df2d6f8355da37442f,evt_21215e84c5ef56df,Enes Kanter,NBA,9.51,16.62,10.25,0.33,3.0200,2.6100,4.1900,1.4600
$500 NBA Daily 8/19,2020-08-19T23:25:57.408793,estk_21215e84c5ef56df92bc30f31e413420,evt_21215e84c5ef56df,Matisse Thybulle,NBA,18.44,14.6,2.25,0.33,2.6800,3.6800,4.2100,1.8400
$500 NBA Daily 8/19,2020-08-19T23:25:57.408797,estk_21215e84c5ef56df201a5680f9441b5c,evt_21215e84c5ef56df,Daniel Theis,NBA,20.39,14.16,0.5,0.33,2.6600,4.0100,4.2500,1.6600
$500 NBA Daily 8/19,2020-08-19T23:25:57.408801,estk_21215e84c5ef56df41d6aa90727d2144,evt_21215e84c5ef56df,Brad Wanamaker,NBA,11.78,13.89,6,0.33,2.6500,2.8200,3.9400,1.3000
$500 NBA Daily 8/19,2020-08-19T23:25:57.408805,estk_21215e84c5ef56df575ca725abf50fd3,evt_21215e84c5ef56df,Alec Burks,NBA,18.75,12.06,-0.5,0.33,2.4400,3.7400,4.2800,1.5300
$500 NBA Daily 8/19,2020-08-19T23:25:57.408809,estk_21215e84c5ef56df233a24e71677893c,evt_21215e84c5ef56df,Robert Williams,NBA,13.6,9.11,0,0.33,2.0900,3.0200,3.6600,1.2000
$500 NBA Daily 8/19,2020-08-19T23:26:58.059113,estk_21215e84c5ef56df7a763361bd2f9a08,evt_21215e84c5ef56df,Joel Embiid,NBA,51.68,59.84,26.25,0.35,15.4900,8.7600,17.7800,14.1400
$500 NBA Daily 8/19,2020-08-19T23:26:58.059147,estk_21215e84c5ef56dfda4bddbbc347c31f,evt_21215e84c5ef56df,Jayson Tatum,NBA,37.4,50.31,26,0.35,12.7600,7.2800,14.4600,11.0000
$500 NBA Daily 8/19,2020-08-19T23:26:58.059164,estk_21215e84c5ef56df4b8c495d9fa8db90,evt_21215e84c5ef56df,Jaylen Brown,NBA,32.52,32.39,11.25,0.35,6.4900,6.2900,8.1200,5.5200
$500 NBA Daily 8/19,2020-08-19T23:26:58.059168,estk_21215e84c5ef56df77c3d3d4d8ad15c5,evt_21215e84c5ef56df,Tobias Harris,NBA,31.86,25.96,5.25,0.35,5.0100,6.1500,6.4900,3.7200
$500 NBA Daily 8/19,2020-08-19T23:26:58.059183,estk_21215e84c5ef56dfb3147c681557a264,evt_21215e84c5ef56df,Josh Richardson,NBA,25.16,25.85,9.5,0.35,4.8500,4.8000,6.3700,3.6400
$500 NBA Daily 8/19,2020-08-19T23:26:58.059194,estk_21215e84c5ef56dfa9edb859d18234d0,evt_21215e84c5ef56df,Kemba Walker,NBA,33.64,25.12,3.25,0.35,4.7300,6.4900,6.4400,3.7100
$500 NBA Daily 8/19,2020-08-19T23:26:58.059209,estk_21215e84c5ef56df63a58b55849249a4,evt_21215e84c5ef56df,Al Horford,NBA,28.59,21.33,2.75,0.35,3.9200,5.4000,5.4500,2.9000
$500 NBA Daily 8/19,2020-08-19T23:26:58.059216,estk_21215e84c5ef56dfa1e25447b314f889,evt_21215e84c5ef56df,Shake Milton,NBA,16.43,20.93,10.25,0.35,3.7900,3.4100,5.5600,2.5900
$500 NBA Daily 8/19,2020-08-19T23:26:58.059224,estk_21215e84c5ef56df049fe8ca7bf97ec4,evt_21215e84c5ef56df,Marcus Smart,NBA,25.53,17.09,0.5,0.35,3.1600,4.8400,4.7900,2.2200
$500 NBA Daily 8/19,2020-08-19T23:26:58.059232,estk_21215e84c5ef56df8c88c133edc67225,evt_21215e84c5ef56df,Grant Williams,NBA,10.63,16.91,10,0.35,3.0900,2.7100,4.3600,1.5300
$500 NBA Daily 8/19,2020-08-19T23:26:58.059236,estk_21215e84c5ef56df2d6f8355da37442f,evt_21215e84c5ef56df,Enes Kanter,NBA,9.51,20.93,14.75,0.35,3.0100,2.6100,4.1900,1.4600
$500 NBA Daily 8/19,2020-08-19T23:26:58.059240,estk_21215e84c5ef56df92bc30f31e413420,evt_21215e84c5ef56df,Matisse Thybulle,NBA,18.44,14.24,2.25,0.35,2.7200,3.6800,4.2100,1.8400
$500 NBA Daily 8/19,2020-08-19T23:26:58.059244,estk_21215e84c5ef56df201a5680f9441b5c,evt_21215e84c5ef56df,Daniel Theis,NBA,20.39,13.75,0.5,0.35,2.6900,4.0100,4.2500,1.6600
$500 NBA Daily 8/19,2020-08-19T23:26:58.059248,estk_21215e84c5ef56df41d6aa90727d2144,evt_21215e84c5ef56df,Brad Wanamaker,NBA,11.78,13.66,6,0.35,2.6100,2.8200,3.9400,1.3000
$500 NBA Daily 8/19,2020-08-19T23:26:58.059252,estk_21215e84c5ef56df575ca725abf50fd3,evt_21215e84c5ef56df,Alec Burks,NBA,18.75,11.69,-0.5,0.35,2.4200,3.7400,4.2800,1.5300
$500 NBA Daily 8/19,2020-08-19T23:26:58.059256,estk_21215e84c5ef56df233a24e71677893c,evt_21215e84c5ef56df,Robert Williams,NBA,13.6,8.84,0,0.35,2.1000,3.0200,3.6600,1.2000
$500 NBA Daily 8/19,2020-08-19T23:29:59.857380,estk_21215e84c5ef56df7a763361bd2f9a08,evt_21215e84c5ef56df,Joel Embiid,NBA,51.68,57.79,25.75,0.38,16.0400,8.7600,17.7800,14.1400
$500 NBA Daily 8/19,2020-08-19T23:29:59.857413,estk_21215e84c5ef56dfda4bddbbc347c31f,evt_21215e84c5ef56df,Jayson Tatum,NBA,37.4,50.19,27,0.38,12.3500,7.2800,14.4600,11.0000
$500 NBA Daily 8/19,2020-08-19T23:29:59.857429,estk_21215e84c5ef56df4b8c495d9fa8db90,evt_21215e84c5ef56df,Jaylen Brown,NBA,32.52,31.41,11.25,0.38,6.4200,6.2900,8.1200,5.0400
$500 NBA Daily 8/19,2020-08-19T23:29:59.857451,estk_21215e84c5ef56df77c3d3d4d8ad15c5,evt_21215e84c5ef56df,Tobias Harris,NBA,31.86,28.5,8.75,0.38,4.8000,6.1500,6.4900,3.7200
$500 NBA Daily 8/19,2020-08-19T23:29:59.857455,estk_21215e84c5ef56dfb3147c681557a264,evt_21215e84c5ef56df,Josh Richardson,NBA,25.16,28.6,13,0.38,4.7400,4.8000,6.3700,3.6400
$500 NBA Daily 8/19,2020-08-19T23:29:59.857462,estk_21215e84c5ef56dfa9edb859d18234d0,evt_21215e84c5ef56df,Kemba Walker,NBA,33.64,24.11,3.25,0.38,4.5700,6.4900,6.4400,3.6500
$500 NBA Daily 8/19,2020-08-19T23:29:59.857477,estk_21215e84c5ef56df63a58b55849249a4,evt_21215e84c5ef56df,Al Horford,NBA,28.59,20.48,2.75,0.38,3.7800,5.4000,5.4500,2.9000
$500 NBA Daily 8/19,2020-08-19T23:29:59.857481,estk_21215e84c5ef56df2d6f8355da37442f,evt_21215e84c5ef56df,Enes Kanter,NBA,9.51,20.65,14.75,0.38,3.7100,2.6100,5.2900,2.1500
$500 NBA Daily 8/19,2020-08-19T23:29:59.857485,estk_21215e84c5ef56dfa1e25447b314f889,evt_21215e84c5ef56df,Shake Milton,NBA,16.43,20.44,10.25,0.38,3.6900,3.4100,5.5600,2.5900
$500 NBA Daily 8/19,2020-08-19T23:29:59.857497,estk_21215e84c5ef56df049fe8ca7bf97ec4,evt_21215e84c5ef56df,Marcus Smart,NBA,25.53,16.33,0.5,0.38,3.0700,4.8400,4.7900,2.2200
$500 NBA Daily 8/19,2020-08-19T23:29:59.857501,estk_21215e84c5ef56df8c88c133edc67225,evt_21215e84c5ef56df,Grant Williams,NBA,10.63,16.59,10,0.38,3.0600,2.7100,4.3600,1.5300
$500 NBA Daily 8/19,2020-08-19T23:29:59.857505,estk_21215e84c5ef56df92bc30f31e413420,evt_21215e84c5ef56df,Matisse Thybulle,NBA,18.44,13.68,2.25,0.38,2.6400,3.6800,4.2100,1.8000
$500 NBA Daily 8/19,2020-08-19T23:29:59.857509,estk_21215e84c5ef56df41d6aa90727d2144,evt_21215e84c5ef56df,Brad Wanamaker,NBA,11.78,16.8,9.5,0.38,2.6100,2.8200,3.9400,1.3000
$500 NBA Daily 8/19,2020-08-19T23:29:59.857513,estk_21215e84c5ef56df201a5680f9441b5c,evt_21215e84c5ef56df,Daniel Theis,NBA,20.39,13.14,0.5,0.38,2.6000,4.0100,4.2500,1.6600
$500 NBA Daily 8/19,2020-08-19T23:29:59.857517,estk_21215e84c5ef56df575ca725abf50fd3,evt_21215e84c5ef56df,Alec Burks,NBA,18.75,10.63,-1,0.38,2.3300,3.7400,3.9000,1.5300
$500 NBA Daily 8/19,2020-08-19T23:29:59.857521,estk_21215e84c5ef56df233a24e71677893c,evt_21215e84c5ef56df,Robert Williams,NBA,13.6,8.43,0,0.38,2.0500,3.0200,3.6600,1.2000
$500 NBA Daily 8/19,2020-08-19T23:31:00.567099,estk_21215e84c5ef56df7a763361bd2f9a08,evt_21215e84c5ef56df,Joel Embiid,NBA,51.68,57.27,25.75,0.39,16.0400,8.7600,17.7800,14.1400
$500 NBA Daily 8/19,2020-08-19T23:31:00.567135,estk_21215e84c5ef56dfda4bddbbc347c31f,evt_21215e84c5ef56df,Jayson Tatum,NBA,37.4,49.81,27,0.39,12.3500,7.2800,14.4600,11.0000
$500 NBA Daily 8/19,2020-08-19T23:31:00.567152,estk_21215e84c5ef56df4b8c495d9fa8db90,evt_21215e84c5ef56df,Jaylen Brown,NBA,32.52,31.09,11.25,0.39,6.4200,6.2900,8.1200,5.0400
$500 NBA Daily 8/19,2020-08-19T23:31:00.567174,estk_21215e84c5ef56df77c3d3d4d8ad15c5,evt_21215e84c5ef56df,Tobias Harris,NBA,31.86,28.18,8.75,0.39,4.8000,6.1500,6.4900,3.7200
$500 NBA Daily 8/19,2020-08-19T23:31:00.567178,estk_21215e84c5ef56dfb3147c681557a264,evt_21215e84c5ef56df,Josh Richardson,NBA,25.16,28.35,13,0.39,4.7400,4.8000,6.3700,3.6400
$500 NBA Daily 8/19,2020-08-19T23:31:00.567186,estk_21215e84c5ef56dfa9edb859d18234d0,evt_21215e84c5ef56df,Kemba Walker,NBA,33.64,23.77,3.25,0.39,4.5700,6.4900,6.4400,3.6500
$500 NBA Daily 8/19,2020-08-19T23:31:00.567201,estk_21215e84c5ef56df63a58b55849249a4,evt_21215e84c5ef56df,Al Horford,NBA,28.59,20.19,2.75,0.39,3.7800,5.4000,5.4500,2.9000
$500 NBA Daily 8/19,2020-08-19T23:31:00.567205,estk_21215e84c5ef56df2d6f8355da37442f,evt_21215e84c5ef56df,Enes Kanter,NBA,9.51,20.55,14.75,0.39,3.7100,2.6100,5.2900,2.1500
$500 NBA Daily 8/19,2020-08-19T23:31:00.567210,estk_21215e84c5ef56dfa1e25447b314f889,evt_21215e84c5ef56df,Shake Milton,NBA,16.43,19.77,9.75,0.39,3.6900,3.4100,5.5600,2.5900
$500 NBA Daily 8/19,2020-08-19T23:31:00.567221,estk_21215e84c5ef56df049fe8ca7bf97ec4,evt_21215e84c5ef56df,Marcus Smart,NBA,25.53,18.07,2.5,0.39,3.0700,4.8400,4.7900,2.2200
$500 NBA Daily 8/19,2020-08-19T23:31:00.567225,estk_21215e84c5ef56df8c88c133edc67225,evt_21215e84c5ef56df,Grant Williams,NBA,10.63,16.48,10,0.39,3.0600,2.7100,4.3600,1.5300
$500 NBA Daily 8/19,2020-08-19T23:31:00.567229,estk_21215e84c5ef56df92bc30f31e413420,evt_21215e84c5ef56df,Matisse Thybulle,NBA,18.44,13.5,2.25,0.39,2.6400,3.6800,4.2100,1.8000
$500 NBA Daily 8/19,2020-08-19T23:31:00.567233,estk_21215e84c5ef56df41d6aa90727d2144,evt_21215e84c5ef56df,Brad Wanamaker,NBA,11.78,16.69,9.5,0.39,2.6100,2.8200,3.9400,1.3000
$500 NBA Daily 8/19,2020-08-19T23:31:00.567237,estk_21215e84c5ef56df201a5680f9441b5c,evt_21215e84c5ef56df,Daniel Theis,NBA,20.39,12.94,0.5,0.39,2.6000,4.0100,4.2500,1.6600
$500 NBA Daily 8/19,2020-08-19T23:31:00.567241,estk_21215e84c5ef56df575ca725abf50fd3,evt_21215e84c5ef56df,Alec Burks,NBA,18.75,10.44,-1,0.39,2.3300,3.7400,3.9000,1.5300
$500 NBA Daily 8/19,2020-08-19T23:31:00.567245,estk_21215e84c5ef56df233a24e71677893c,evt_21215e84c5ef56df,Robert Williams,NBA,13.6,8.3,0,0.39,2.0500,3.0200,3.6600,1.2000
$500 NBA Daily 8/19,2020-08-19T23:32:01.336868,estk_21215e84c5ef56df7a763361bd2f9a08,evt_21215e84c5ef56df,Joel Embiid,NBA,51.68,57.49,27,0.41,15.3000,8.7600,17.1100,14.1400
$500 NBA Daily 8/19,2020-08-19T23:32:01.336902,estk_21215e84c5ef56dfda4bddbbc347c31f,evt_21215e84c5ef56df,Jayson Tatum,NBA,37.4,49.07,27,0.41,12.3400,7.2800,14.4600,11.0000
$500 NBA Daily 8/19,2020-08-19T23:32:01.336919,estk_21215e84c5ef56df4b8c495d9fa8db90,evt_21215e84c5ef56df,Jaylen Brown,NBA,32.52,30.44,11.25,0.41,6.0200,6.2900,8.1200,5.0400
$500 NBA Daily 8/19,2020-08-19T23:32:01.336923,estk_21215e84c5ef56dfb3147c681557a264,evt_21215e84c5ef56df,Josh Richardson,NBA,25.16,27.34,12.5,0.41,5.3000,4.8000,6.9100,3.6900
$500 NBA Daily 8/19,2020-08-19T23:32:01.336927,estk_21215e84c5ef56df77c3d3d4d8ad15c5,evt_21215e84c5ef56df,Tobias Harris,NBA,31.86,27.55,8.75,0.41,5.2700,6.1500,6.4900,3.7200
$500 NBA Daily 8/19,2020-08-19T23:32:01.336958,estk_21215e84c5ef56dfa9edb859d18234d0,evt_21215e84c5ef56df,Kemba Walker,NBA,33.64,29.1,9.25,0.41,4.2600,6.4900,5.8500,3.2400
$500 NBA Daily 8/19,2020-08-19T23:32:01.336969,estk_21215e84c5ef56df2d6f8355da37442f,evt_21215e84c5ef56df,Enes Kanter,NBA,9.51,22.36,16.75,0.41,3.6300,2.6100,5.2900,2.1500
$500 NBA Daily 8/19,2020-08-19T23:32:01.336977,estk_21215e84c5ef56df63a58b55849249a4,evt_21215e84c5ef56df,Al Horford,NBA,28.59,19.62,2.75,0.41,3.5000,5.4000,5.4500,2.5700
$500 NBA Daily 8/19,2020-08-19T23:32:01.336981,estk_21215e84c5ef56dfa1e25447b314f889,evt_21215e84c5ef56df,Shake Milton,NBA,16.43,19.44,9.75,0.41,3.4300,3.4100,5.0000,2.5900
$500 NBA Daily 8/19,2020-08-19T23:32:01.336985,estk_21215e84c5ef56df049fe8ca7bf97ec4,evt_21215e84c5ef56df,Marcus Smart,NBA,25.53,17.06,2,0.41,3.1800,4.8400,4.7900,2.2200
$500 NBA Daily 8/19,2020-08-19T23:32:01.336993,estk_21215e84c5ef56df8c88c133edc67225,evt_21215e84c5ef56df,Grant Williams,NBA,10.63,16.27,10,0.41,2.9500,2.7100,4.3600,1.5300
$500 NBA Daily 8/19,2020-08-19T23:32:01.336997,estk_21215e84c5ef56df41d6aa90727d2144,evt_21215e84c5ef56df,Brad Wanamaker,NBA,11.78,16.45,9.5,0.41,2.9300,2.8200,4.4900,1.3700
$500 NBA Daily 8/19,2020-08-19T23:32:01.337001,estk_21215e84c5ef56df92bc30f31e413420,evt_21215e84c5ef56df,Matisse Thybulle,NBA,18.44,13.13,2.25,0.41,2.5200,3.6800,4.2100,1.6300
$500 NBA Daily 8/19,2020-08-19T23:32:01.337005,estk_21215e84c5ef56df201a5680f9441b5c,evt_21215e84c5ef56df,Daniel Theis,NBA,20.39,12.53,0.5,0.41,2.4200,4.0100,3.9700,1.5500
$500 NBA Daily 8/19,2020-08-19T23:32:01.337009,estk_21215e84c5ef56df575ca725abf50fd3,evt_21215e84c5ef56df,Alec Burks,NBA,18.75,9.56,-1.5,0.41,2.1800,3.7400,3.7200,1.3000
$500 NBA Daily 8/19,2020-08-19T23:32:01.337013,estk_21215e84c5ef56df233a24e71677893c,evt_21215e84c5ef56df,Robert Williams,NBA,13.6,8.02,0,0.41,1.9400,3.0200,3.6600,1.0600
$500 NBA Daily 8/19,2020-08-19T23:37:04.556708,estk_21215e84c5ef56df7a763361bd2f9a08,evt_21215e84c5ef56df,Joel Embiid,NBA,51.68,56.97,27,0.42,15.5700,8.7600,17.1100,14.1400
$500 NBA Daily 8/19,2020-08-19T23:37:04.556739,estk_21215e84c5ef56dfda4bddbbc347c31f,evt_21215e84c5ef56df,Jayson Tatum,NBA,37.4,48.69,27,0.42,12.0800,7.2800,13.9300,11.0000
$500 NBA Daily 8/19,2020-08-19T23:37:04.556755,estk_21215e84c5ef56df4b8c495d9fa8db90,evt_21215e84c5ef56df,Jaylen Brown,NBA,32.52,32.36,13.5,0.42,5.8500,6.2900,7.4400,4.8900
$500 NBA Daily 8/19,2020-08-19T23:37:04.556759,estk_21215e84c5ef56dfa9edb859d18234d0,evt_21215e84c5ef56df,Kemba Walker,NBA,33.64,28.76,9.25,0.42,5.4400,6.4900,7.0600,3.8400
$500 NBA Daily 8/19,2020-08-19T23:37:04.556770,estk_21215e84c5ef56df77c3d3d4d8ad15c5,evt_21215e84c5ef56df,Tobias Harris,NBA,31.86,27.23,8.75,0.42,5.0300,6.1500,6.4900,3.7200
$500 NBA Daily 8/19,2020-08-19T23:37:04.556775,estk_21215e84c5ef56dfb3147c681557a264,evt_21215e84c5ef56df,Josh Richardson,NBA,25.16,27.09,12.5,0.42,5.0100,4.8000,6.9100,3.6900
$500 NBA Daily 8/19,2020-08-19T23:37:04.556804,estk_21215e84c5ef56df2d6f8355da37442f,evt_21215e84c5ef56df,Enes Kanter,NBA,9.51,22.27,16.75,0.42,3.9000,2.6100,5.2900,2.3200
$500 NBA Daily 8/19,2020-08-19T23:37:04.556812,estk_21215e84c5ef56df63a58b55849249a4,evt_21215e84c5ef56df,Al Horford,NBA,28.59,19.33,2.75,0.42,3.4000,5.4000,4.9400,2.3600
$500 NBA Daily 8/19,2020-08-19T23:37:04.556816,estk_21215e84c5ef56dfa1e25447b314f889,evt_21215e84c5ef56df,Shake Milton,NBA,16.43,18.78,9.25,0.42,3.3600,3.4100,5.0000,2.4800
$500 NBA Daily 8/19,2020-08-19T23:37:04.556824,estk_21215e84c5ef56df049fe8ca7bf97ec4,evt_21215e84c5ef56df,Marcus Smart,NBA,25.53,16.81,2,0.42,3.0000,4.8400,4.7900,1.9800
$500 NBA Daily 8/19,2020-08-19T23:37:04.556828,estk_21215e84c5ef56df41d6aa90727d2144,evt_21215e84c5ef56df,Brad Wanamaker,NBA,11.78,16.33,9.5,0.42,2.8600,2.8200,4.4900,1.3700
$500 NBA Daily 8/19,2020-08-19T23:37:04.556832,estk_21215e84c5ef56df8c88c133edc67225,evt_21215e84c5ef56df,Grant Williams,NBA,10.63,18.17,12,0.42,2.8400,2.7100,4.3600,1.5300
$500 NBA Daily 8/19,2020-08-19T23:37:04.556836,estk_21215e84c5ef56df92bc30f31e413420,evt_21215e84c5ef56df,Matisse Thybulle,NBA,18.44,12.95,2.25,0.42,2.4300,3.6800,4.2100,1.5600
$500 NBA Daily 8/19,2020-08-19T23:37:04.556839,estk_21215e84c5ef56df201a5680f9441b5c,evt_21215e84c5ef56df,Daniel Theis,NBA,20.39,12.33,0.5,0.42,2.3300,4.0100,3.9700,1.4000
$500 NBA Daily 8/19,2020-08-19T23:37:04.556843,estk_21215e84c5ef56df575ca725abf50fd3,evt_21215e84c5ef56df,Alec Burks,NBA,18.75,9.38,-1.5,0.42,2.0500,3.7400,3.7200,1.1800
$500 NBA Daily 8/19,2020-08-19T23:37:04.556847,estk_21215e84c5ef56df233a24e71677893c,evt_21215e84c5ef56df,Robert Williams,NBA,13.6,7.89,0,0.42,1.8800,3.0200,3.6600,1.0600
$500 NBA Daily 8/19,2020-08-19T23:38:05.226032,estk_21215e84c5ef56df7a763361bd2f9a08,evt_21215e84c5ef56df,Joel Embiid,NBA,51.68,56.46,27,0.43,15.2600,8.7600,17.1100,14.1400
$500 NBA Daily 8/19,2020-08-19T23:38:05.226066,estk_21215e84c5ef56dfda4bddbbc347c31f,evt_21215e84c5ef56df,Jayson Tatum,NBA,37.4,48.32,27,0.43,12.0100,7.2800,13.9300,11.0000
$500 NBA Daily 8/19,2020-08-19T23:38:05.226082,estk_21215e84c5ef56df4b8c495d9fa8db90,evt_21215e84c5ef56df,Jaylen Brown,NBA,32.52,33.04,14.5,0.43,6.4000,6.2900,8.0300,4.8900
$500 NBA Daily 8/19,2020-08-19T23:38:05.226086,estk_21215e84c5ef56dfa9edb859d18234d0,evt_21215e84c5ef56df,Kemba Walker,NBA,33.64,30.42,11.25,0.43,5.3800,6.4900,7.0600,3.8400
$500 NBA Daily 8/19,2020-08-19T23:38:05.226098,estk_21215e84c5ef56df77c3d3d4d8ad15c5,evt_21215e84c5ef56df,Tobias Harris,NBA,31.86,26.91,8.75,0.43,5.0200,6.1500,6.4900,3.7200
$500 NBA Daily 8/19,2020-08-19T23:38:05.226102,estk_21215e84c5ef56dfb3147c681557a264,evt_21215e84c5ef56df,Josh Richardson,NBA,25.16,26.84,12.5,0.43,4.9800,4.8000,6.9100,3.6900
$500 NBA Daily 8/19,2020-08-19T23:38:05.226132,estk_21215e84c5ef56df2d6f8355da37442f,evt_21215e84c5ef56df,Enes Kanter,NBA,9.51,22.17,16.75,0.43,3.8300,2.6100,5.2900,2.3200
$500 NBA Daily 8/19,2020-08-19T23:38:05.226140,estk_21215e84c5ef56df63a58b55849249a4,evt_21215e84c5ef56df,Al Horford,NBA,28.59,19.05,2.75,0.43,3.3100,5.4000,4.9400,2.3600
$500 NBA Daily 8/19,2020-08-19T23:38:05.226144,estk_21215e84c5ef56dfa1e25447b314f889,evt_21215e84c5ef56df,Shake Milton,NBA,16.43,21.62,12.25,0.43,3.2500,3.4100,5.0000,2.4000
$500 NBA Daily 8/19,2020-08-19T23:38:05.226152,estk_21215e84c5ef56df8c88c133edc67225,evt_21215e84c5ef56df,Grant Williams,NBA,10.63,18.06,12,0.43,3.0800,2.7100,4.3600,1.5300
$500 NBA Daily 8/19,2020-08-19T23:38:05.226156,estk_21215e84c5ef56df049fe8ca7bf97ec4,evt_21215e84c5ef56df,Marcus Smart,NBA,25.53,16.55,2,0.43,2.9100,4.8400,4.7900,1.9800
$500 NBA Daily 8/19,2020-08-19T23:38:05.226160,estk_21215e84c5ef56df41d6aa90727d2144,evt_21215e84c5ef56df,Brad Wanamaker,NBA,11.78,16.21,9.5,0.43,2.8500,2.8200,4.4900,1.3700
$500 NBA Daily 8/19,2020-08-19T23:38:05.226164,estk_21215e84c5ef56df92bc30f31e413420,evt_21215e84c5ef56df,Matisse Thybulle,NBA,18.44,12.76,2.25,0.43,2.4300,3.6800,4.2100,1.5600
$500 NBA Daily 8/19,2020-08-19T23:38:05.226168,estk_21215e84c5ef56df201a5680f9441b5c,evt_21215e84c5ef56df,Daniel Theis,NBA,20.39,12.12,0.5,0.43,2.2800,4.0100,3.9700,1.4000
$500 NBA Daily 8/19,2020-08-19T23:38:05.226172,estk_21215e84c5ef56df575ca725abf50fd3,evt_21215e84c5ef56df,Alec Burks,NBA,18.75,9.19,-1.5,0.43,2.0100,3.7400,3.7200,1.1800
$500 NBA Daily 8/19,2020-08-19T23:38:05.226176,estk_21215e84c5ef56df233a24e71677893c,evt_21215e84c5ef56df,Robert Williams,NBA,13.6,7.75,0,0.43,1.8600,3.0200,3.6600,1.0600
$500 NBA Daily 8/19,2020-08-19T23:41:07.305313,estk_21215e84c5ef56df7a763361bd2f9a08,evt_21215e84c5ef56df,Joel Embiid,NBA,51.68,55.42,27,0.45,14.8200,8.7600,17.1100,13.9900
$500 NBA Daily 8/19,2020-08-19T23:41:07.305346,estk_21215e84c5ef56dfda4bddbbc347c31f,evt_21215e84c5ef56df,Jayson Tatum,NBA,37.4,47.57,27,0.45,11.5600,7.2800,13.9300,10.5900
$500 NBA Daily 8/19,2020-08-19T23:41:07.305362,estk_21215e84c5ef56df4b8c495d9fa8db90,evt_21215e84c5ef56df,Jaylen Brown,NBA,32.52,32.39,14.5,0.45,6.2900,6.2900,8.0300,4.8900
$500 NBA Daily 8/19,2020-08-19T23:41:07.305366,estk_21215e84c5ef56df77c3d3d4d8ad15c5,evt_21215e84c5ef56df,Tobias Harris,NBA,31.86,30.52,13,0.45,5.7700,6.1500,6.4900,4.1500
$500 NBA Daily 8/19,2020-08-19T23:41:07.305370,estk_21215e84c5ef56dfa9edb859d18234d0,evt_21215e84c5ef56df,Kemba Walker,NBA,33.64,29.25,10.75,0.45,5.4300,6.4900,7.0600,4.2000
$500 NBA Daily 8/19,2020-08-19T23:41:07.305394,estk_21215e84c5ef56dfb3147c681557a264,evt_21215e84c5ef56df,Josh Richardson,NBA,25.16,26.34,12.5,0.45,4.7000,4.8000,6.9100,3.6900
$500 NBA Daily 8/19,2020-08-19T23:41:07.305416,estk_21215e84c5ef56df2d6f8355da37442f,evt_21215e84c5ef56df,Enes Kanter,NBA,9.51,21.98,16.75,0.45,3.6900,2.6100,5.2900,2.3200
$500 NBA Daily 8/19,2020-08-19T23:41:07.305420,estk_21215e84c5ef56dfa1e25447b314f889,evt_21215e84c5ef56df,Shake Milton,NBA,16.43,21.29,12.25,0.45,3.5900,3.4100,5.0000,2.4000
$500 NBA Daily 8/19,2020-08-19T23:41:07.305427,estk_21215e84c5ef56df8c88c133edc67225,evt_21215e84c5ef56df,Grant Williams,NBA,10.63,19.85,14,0.45,3.3100,2.7100,4.3600,1.5300
$500 NBA Daily 8/19,2020-08-19T23:41:07.305432,estk_21215e84c5ef56df63a58b55849249a4,evt_21215e84c5ef56df,Al Horford,NBA,28.59,18.47,2.75,0.45,3.0300,5.4000,4.9400,2.3600
$500 NBA Daily 8/19,2020-08-19T23:41:07.305436,estk_21215e84c5ef56df049fe8ca7bf97ec4,evt_21215e84c5ef56df,Marcus Smart,NBA,25.53,16.04,2,0.45,2.7200,4.8400,4.7900,1.9800
$500 NBA Daily 8/19,2020-08-19T23:41:07.305440,estk_21215e84c5ef56df41d6aa90727d2144,evt_21215e84c5ef56df,Brad Wanamaker,NBA,11.78,15.98,9.5,0.45,2.7000,2.8200,4.4900,1.3700
$500 NBA Daily 8/19,2020-08-19T23:41:07.305444,estk_21215e84c5ef56df92bc30f31e413420,evt_21215e84c5ef56df,Matisse Thybulle,NBA,18.44,12.39,2.25,0.45,2.2400,3.6800,4.2100,1.4800
$500 NBA Daily 8/19,2020-08-19T23:41:07.305448,estk_21215e84c5ef56df201a5680f9441b5c,evt_21215e84c5ef56df,Daniel Theis,NBA,20.39,11.71,0.5,0.45,2.1700,4.0100,3.9700,1.4000
$500 NBA Daily 8/19,2020-08-19T23:41:07.305452,estk_21215e84c5ef56df575ca725abf50fd3,evt_21215e84c5ef56df,Alec Burks,NBA,18.75,8.81,-1.5,0.45,1.9000,3.7400,3.7200,1.1400
$500 NBA Daily 8/19,2020-08-19T23:41:07.305456,estk_21215e84c5ef56df233a24e71677893c,evt_21215e84c5ef56df,Robert Williams,NBA,13.6,7.48,0,0.45,1.7700,3.0200,3.6600,
$500 NBA Daily 8/19,2020-08-19T23:42:07.980814,estk_21215e84c5ef56df7a763361bd2f9a08,evt_21215e84c5ef56df,Joel Embiid,NBA,51.68,56.91,29,0.46,14.8700,8.7600,17.1100,13.7300
$500 NBA Daily 8/19,2020-08-19T23:42:07.980850,estk_21215e84c5ef56dfda4bddbbc347c31f,evt_21215e84c5ef56df,Jayson Tatum,NBA,37.4,47.2,27,0.46,11.6100,7.2800,13.3400,10.4500
$500 NBA Daily 8/19,2020-08-19T23:42:07.980866,estk_21215e84c5ef56df4b8c495d9fa8db90,evt_21215e84c5ef56df,Jaylen Brown,NBA,32.52,32.06,14.5,0.46,6.2500,6.2900,8.0300,4.8900
$500 NBA Daily 8/19,2020-08-19T23:42:07.980871,estk_21215e84c5ef56df77c3d3d4d8ad15c5,evt_21215e84c5ef56df,Tobias Harris,NBA,31.86,30.2,13,0.46,5.7100,6.1500,7.3200,4.1500
$500 NBA Daily 8/19,2020-08-19T23:42:07.980875,estk_21215e84c5ef56dfa9edb859d18234d0,evt_21215e84c5ef56df,Kemba Walker,NBA,33.64,28.92,10.75,0.46,5.4000,6.4900,7.0600,4.2000
$500 NBA Daily 8/19,2020-08-19T23:42:07.980898,estk_21215e84c5ef56dfb3147c681557a264,evt_21215e84c5ef56df,Josh Richardson,NBA,25.16,26.09,12.5,0.46,4.7200,4.8000,6.2900,3.6900
$500 NBA Daily 8/19,2020-08-19T23:42:07.980920,estk_21215e84c5ef56df2d6f8355da37442f,evt_21215e84c5ef56df,Enes Kanter,NBA,9.51,21.89,16.75,0.46,3.6700,2.6100,5.2900,2.3200
$500 NBA Daily 8/19,2020-08-19T23:42:07.980925,estk_21215e84c5ef56dfa1e25447b314f889,evt_21215e84c5ef56df,Shake Milton,NBA,16.43,21.12,12.25,0.46,3.5800,3.4100,5.0000,2.4000
$500 NBA Daily 8/19,2020-08-19T23:42:07.980932,estk_21215e84c5ef56df8c88c133edc67225,evt_21215e84c5ef56df,Grant Williams,NBA,10.63,19.74,14,0.46,3.3300,2.7100,4.8800,1.7600
$500 NBA Daily 8/19,2020-08-19T23:42:07.980937,estk_21215e84c5ef56df63a58b55849249a4,evt_21215e84c5ef56df,Al Horford,NBA,28.59,18.19,2.75,0.46,3.1200,5.4000,4.9400,2.2900
$500 NBA Daily 8/19,2020-08-19T23:42:07.980941,estk_21215e84c5ef56df41d6aa90727d2144,evt_21215e84c5ef56df,Brad Wanamaker,NBA,11.78,15.86,9.5,0.46,2.7000,2.8200,4.4900,1.3700
$500 NBA Daily 8/19,2020-08-19T23:42:07.980945,estk_21215e84c5ef56df049fe8ca7bf97ec4,evt_21215e84c5ef56df,Marcus Smart,NBA,25.53,15.29,1.5,0.46,2.6900,4.8400,4.2400,1.6700
$500 NBA Daily 8/19,2020-08-19T23:42:07.980949,estk_21215e84c5ef56df92bc30f31e413420,evt_21215e84c5ef56df,Matisse Thybulle,NBA,18.44,12.21,2.25,0.46,2.2300,3.6800,4.2100,1.4100
$500 NBA Daily 8/19,2020-08-19T23:42:07.980953,estk_21215e84c5ef56df201a5680f9441b5c,evt_21215e84c5ef56df,Daniel Theis,NBA,20.39,11.51,0.5,0.46,2.1800,4.0100,3.7200,1.3500
$500 NBA Daily 8/19,2020-08-19T23:42:07.980957,estk_21215e84c5ef56df575ca725abf50fd3,evt_21215e84c5ef56df,Alec Burks,NBA,18.75,8.63,-1.5,0.46,1.8700,3.7400,3.7200,
$500 NBA Daily 8/19,2020-08-19T23:42:07.980961,estk_21215e84c5ef56df233a24e71677893c,evt_21215e84c5ef56df,Robert Williams,NBA,13.6,7.34,0,0.46,1.7700,3.0200,3.6600,
$500 NBA Daily 8/19,2020-08-19T23:48:11.877550,estk_21215e84c5ef56df7a763361bd2f9a08,evt_21215e84c5ef56df,Joel Embiid,NBA,51.68,58.09,32.25,0.5,15.8700,8.7600,17.1100,13.7300
$500 NBA Daily 8/19,2020-08-19T23:48:11.877589,estk_21215e84c5ef56dfda4bddbbc347c31f,evt_21215e84c5ef56df,Jayson Tatum,NBA,37.4,45.7,27,0.5,10.7600,7.2800,13.3400,10.2700
$500 NBA Daily 8/19,2020-08-19T23:48:11.877601,estk_21215e84c5ef56dfa9edb859d18234d0,evt_21215e84c5ef56df,Kemba Walker,NBA,33.64,35.07,18.25,0.5,7.0300,6.4900,7.0600,4.2000
$500 NBA Daily 8/19,2020-08-19T23:48:11.877605,estk_21215e84c5ef56dfb3147c681557a264,evt_21215e84c5ef56df,Josh Richardson,NBA,25.16,32.58,20,0.5,6.1300,4.8000,6.2900,3.6900
$500 NBA Daily 8/19,2020-08-19T23:48:11.877609,estk_21215e84c5ef56df4b8c495d9fa8db90,evt_21215e84c5ef56df,Jaylen Brown,NBA,32.52,30.26,14,0.5,5.5700,6.2900,8.0300,4.8900
$500 NBA Daily 8/19,2020-08-19T23:48:11.877613,estk_21215e84c5ef56df77c3d3d4d8ad15c5,evt_21215e84c5ef56df,Tobias Harris,NBA,31.86,28.93,13,0.5,5.2000,6.1500,7.3200,4.1500
$500 NBA Daily 8/19,2020-08-19T23:48:11.877657,estk_21215e84c5ef56df2d6f8355da37442f,evt_21215e84c5ef56df,Enes Kanter,NBA,9.51,21.5,16.75,0.5,3.5600,2.6100,5.2900,2.3200
$500 NBA Daily 8/19,2020-08-19T23:48:11.877661,estk_21215e84c5ef56dfa1e25447b314f889,evt_21215e84c5ef56df,Shake Milton,NBA,16.43,20.46,12.25,0.5,3.3400,3.4100,5.0000,2.4000
$500 NBA Daily 8/19,2020-08-19T23:48:11.877665,estk_21215e84c5ef56df8c88c133edc67225,evt_21215e84c5ef56df,Grant Williams,NBA,10.63,19.32,14,0.5,3.0900,2.7100,4.8800,1.7600
$500 NBA Daily 8/19,2020-08-19T23:48:11.877669,estk_21215e84c5ef56df63a58b55849249a4,evt_21215e84c5ef56df,Al Horford,NBA,28.59,17.05,2.75,0.5,2.7600,5.4000,4.9400,1.9300
$500 NBA Daily 8/19,2020-08-19T23:48:11.877673,estk_21215e84c5ef56df41d6aa90727d2144,evt_21215e84c5ef56df,Brad Wanamaker,NBA,11.78,15.39,9.5,0.5,2.5100,2.8200,4.4900,1.3700
$500 NBA Daily 8/19,2020-08-19T23:48:11.877677,estk_21215e84c5ef56df049fe8ca7bf97ec4,evt_21215e84c5ef56df,Marcus Smart,NBA,25.53,14.27,1.5,0.5,2.3500,4.8400,4.2400,1.6700
$500 NBA Daily 8/19,2020-08-19T23:48:11.877681,estk_21215e84c5ef56df92bc30f31e413420,evt_21215e84c5ef56df,Matisse Thybulle,NBA,18.44,12.72,3.5,0.5,2.1800,3.6800,4.2100,1.3600
$500 NBA Daily 8/19,2020-08-19T23:48:11.877685,estk_21215e84c5ef56df201a5680f9441b5c,evt_21215e84c5ef56df,Daniel Theis,NBA,20.39,10.7,0.5,0.5,1.9800,4.0100,3.7200,1.3200
$500 NBA Daily 8/19,2020-08-19T23:48:11.877689,estk_21215e84c5ef56df575ca725abf50fd3,evt_21215e84c5ef56df,Alec Burks,NBA,18.75,7.88,-1.5,0.5,1.6900,3.7400,3.3700,
$500 NBA Daily 8/19,2020-08-19T23:48:11.877693,estk_21215e84c5ef56df233a24e71677893c,evt_21215e84c5ef56df,Robert Williams,NBA,13.6,6.8,0,0.5,1.6300,3.0200,3.6600,
$500 NBA Daily 8/19,2020-08-20T00:05:23.416713,estk_21215e84c5ef56df7a763361bd2f9a08,evt_21215e84c5ef56df,Joel Embiid,NBA,51.68,57.07,31.75,0.51,15.9700,8.7600,17.6900,14.0500
$500 NBA Daily 8/19,2020-08-20T00:05:23.416752,estk_21215e84c5ef56dfda4bddbbc347c31f,evt_21215e84c5ef56df,Jayson Tatum,NBA,37.4,48.58,30.25,0.51,10.7800,7.2800,12.4800,9.0800
$500 NBA Daily 8/19,2020-08-20T00:05:23.416764,estk_21215e84c5ef56dfa9edb859d18234d0,evt_21215e84c5ef56df,Kemba Walker,NBA,33.64,34.73,18.25,0.51,7.0300,6.4900,8.6700,5.3900
$500 NBA Daily 8/19,2020-08-20T00:05:23.416768,estk_21215e84c5ef56dfb3147c681557a264,evt_21215e84c5ef56df,Josh Richardson,NBA,25.16,32.33,20,0.51,6.2200,4.8000,7.7500,4.5100
$500 NBA Daily 8/19,2020-08-20T00:05:23.416772,estk_21215e84c5ef56df4b8c495d9fa8db90,evt_21215e84c5ef56df,Jaylen Brown,NBA,32.52,29.93,14,0.51,5.5400,6.2900,7.1800,4.4000
$500 NBA Daily 8/19,2020-08-20T00:05:23.416776,estk_21215e84c5ef56df77c3d3d4d8ad15c5,evt_21215e84c5ef56df,Tobias Harris,NBA,31.86,28.61,13,0.51,5.1700,6.1500,6.8000,4.1500
$500 NBA Daily 8/19,2020-08-20T00:05:23.416821,estk_21215e84c5ef56df2d6f8355da37442f,evt_21215e84c5ef56df,Enes Kanter,NBA,9.51,21.41,16.75,0.51,3.5100,2.6100,5.2900,2.3200
$500 NBA Daily 8/19,2020-08-20T00:05:23.416825,estk_21215e84c5ef56dfa1e25447b314f889,evt_21215e84c5ef56df,Shake Milton,NBA,16.43,20.3,12.25,0.51,3.2900,3.4100,5.0000,2.4000
$500 NBA Daily 8/19,2020-08-20T00:05:23.416829,estk_21215e84c5ef56df8c88c133edc67225,evt_21215e84c5ef56df,Grant Williams,NBA,10.63,19.21,14,0.51,3.0900,2.7100,4.8800,1.7600
$500 NBA Daily 8/19,2020-08-20T00:05:23.416833,estk_21215e84c5ef56df63a58b55849249a4,evt_21215e84c5ef56df,Al Horford,NBA,28.59,16.76,2.75,0.51,2.7200,5.4000,4.3200,1.8400
$500 NBA Daily 8/19,2020-08-20T00:05:23.416836,estk_21215e84c5ef56df41d6aa90727d2144,evt_21215e84c5ef56df,Brad Wanamaker,NBA,11.78,15.27,9.5,0.51,2.5200,2.8200,4.4900,1.3700
$500 NBA Daily 8/19,2020-08-20T00:05:23.416841,estk_21215e84c5ef56df049fe8ca7bf97ec4,evt_21215e84c5ef56df,Marcus Smart,NBA,25.53,14.01,1.5,0.51,2.3800,4.8400,4.2400,1.5300
$500 NBA Daily 8/19,2020-08-20T00:05:23.416844,estk_21215e84c5ef56df92bc30f31e413420,evt_21215e84c5ef56df,Matisse Thybulle,NBA,18.44,12.54,3.5,0.51,2.1600,3.6800,3.6900,1.1800
$500 NBA Daily 8/19,2020-08-20T00:05:23.416848,estk_21215e84c5ef56df201a5680f9441b5c,evt_21215e84c5ef56df,Daniel Theis,NBA,20.39,10.49,0.5,0.51,1.9600,4.0100,3.4700,1.1400
$500 NBA Daily 8/19,2020-08-20T00:05:23.416852,estk_21215e84c5ef56df575ca725abf50fd3,evt_21215e84c5ef56df,Alec Burks,NBA,18.75,7.69,-1.5,0.51,1.7200,3.7400,3.3700,
$500 NBA Daily 8/19,2020-08-20T00:05:23.416860,estk_21215e84c5ef56df233a24e71677893c,evt_21215e84c5ef56df,Robert Williams,NBA,13.6,6.66,0,0.51,1.6700,3.0200,3.1400,
$500 NBA Daily 8/19,2020-08-20T00:07:24.791332,estk_21215e84c5ef56df7a763361bd2f9a08,evt_21215e84c5ef56df,Joel Embiid,NBA,51.68,55.76,32.5,0.55,15.1500,8.7600,16.9500,14.0500
$500 NBA Daily 8/19,2020-08-20T00:07:24.791366,estk_21215e84c5ef56dfda4bddbbc347c31f,evt_21215e84c5ef56df,Jayson Tatum,NBA,37.4,46.58,29.75,0.55,11.3100,7.2800,13.0400,10.2000
$500 NBA Daily 8/19,2020-08-20T00:07:24.791382,estk_21215e84c5ef56dfa9edb859d18234d0,evt_21215e84c5ef56df,Kemba Walker,NBA,33.64,32.89,17.75,0.55,6.4400,6.4900,,5.3900
$500 NBA Daily 8/19,2020-08-20T00:07:24.791385,estk_21215e84c5ef56dfb3147c681557a264,evt_21215e84c5ef56df,Josh Richardson,NBA,25.16,32.07,20.75,0.55,6.1200,4.8000,7.7500,4.5200
$500 NBA Daily 8/19,2020-08-20T00:07:24.791389,estk_21215e84c5ef56df4b8c495d9fa8db90,evt_21215e84c5ef56df,Jaylen Brown,NBA,32.52,30.63,16,0.55,5.6700,6.2900,7.1800,4.4000
$500 NBA Daily 8/19,2020-08-20T00:07:24.791412,estk_21215e84c5ef56df77c3d3d4d8ad15c5,evt_21215e84c5ef56df,Tobias Harris,NBA,31.86,27.59,13.25,0.55,4.8900,6.1500,6.8000,4.0300
$500 NBA Daily 8/19,2020-08-20T00:07:24.791439,estk_21215e84c5ef56df2d6f8355da37442f,evt_21215e84c5ef56df,Enes Kanter,NBA,9.51,21.03,16.75,0.55,3.4100,2.6100,5.2900,2.3200
$500 NBA Daily 8/19,2020-08-20T00:07:24.791443,estk_21215e84c5ef56dfa1e25447b314f889,evt_21215e84c5ef56df,Shake Milton,NBA,16.43,19.64,12.25,0.55,3.1800,3.4100,5.0000,2.3100
$500 NBA Daily 8/19,2020-08-20T00:07:24.791447,estk_21215e84c5ef56df8c88c133edc67225,evt_21215e84c5ef56df,Grant Williams,NBA,10.63,18.78,14,0.55,3.0000,2.7100,4.8800,1.7600
$500 NBA Daily 8/19,2020-08-20T00:07:24.791451,estk_21215e84c5ef56df049fe8ca7bf97ec4,evt_21215e84c5ef56df,Marcus Smart,NBA,25.53,16.24,4.75,0.55,2.5500,4.8400,4.2400,1.5100
$500 NBA Daily 8/19,2020-08-20T00:07:24.791455,estk_21215e84c5ef56df63a58b55849249a4,evt_21215e84c5ef56df,Al Horford,NBA,28.59,15.62,2.75,0.55,2.4900,5.4000,4.3200,1.6900
$500 NBA Daily 8/19,2020-08-20T00:07:24.791459,estk_21215e84c5ef56df41d6aa90727d2144,evt_21215e84c5ef56df,Brad Wanamaker,NBA,11.78,14.8,9.5,0.55,2.3600,2.8200,,1.3700
$500 NBA Daily 8/19,2020-08-20T00:07:24.791462,estk_21215e84c5ef56df92bc30f31e413420,evt_21215e84c5ef56df,Matisse Thybulle,NBA,18.44,11.8,3.5,0.55,2.0400,3.6800,3.6900,1.1800
$500 NBA Daily 8/19,2020-08-20T00:07:24.791466,estk_21215e84c5ef56df201a5680f9441b5c,evt_21215e84c5ef56df,Daniel Theis,NBA,20.39,10.93,1.75,0.55,1.9500,4.0100,3.4700,1.1400
$500 NBA Daily 8/19,2020-08-20T00:07:24.791470,estk_21215e84c5ef56df575ca725abf50fd3,evt_21215e84c5ef56df,Alec Burks,NBA,18.75,6.94,-1.5,0.55,1.6000,3.7400,3.3700,
$500 NBA Daily 8/19,2020-08-20T00:07:24.791474,estk_21215e84c5ef56df233a24e71677893c,evt_21215e84c5ef56df,Robert Williams,NBA,13.6,6.12,0,0.55,1.5400,3.0200,3.1400,
$500 NBA Daily 8/19,2020-08-20T00:09:26.275468,estk_21215e84c5ef56df7a763361bd2f9a08,evt_21215e84c5ef56df,Joel Embiid,NBA,51.68,57.24,34.5,0.56,15.9000,8.7600,16.9500,14.0500
$500 NBA Daily 8/19,2020-08-20T00:09:26.275503,estk_21215e84c5ef56dfda4bddbbc347c31f,evt_21215e84c5ef56df,Jayson Tatum,NBA,37.4,46.21,29.75,0.56,11.1500,7.2800,13.0400,10.1400
$500 NBA Daily 8/19,2020-08-20T00:09:26.275519,estk_21215e84c5ef56dfa9edb859d18234d0,evt_21215e84c5ef56df,Kemba Walker,NBA,33.64,32.55,17.75,0.56,6.2800,6.4900,8.0700,5.3900
$500 NBA Daily 8/19,2020-08-20T00:09:26.275523,estk_21215e84c5ef56dfb3147c681557a264,evt_21215e84c5ef56df,Josh Richardson,NBA,25.16,31.82,20.75,0.56,6.0400,4.8000,7.7500,4.5200
$500 NBA Daily 8/19,2020-08-20T00:09:26.275527,estk_21215e84c5ef56df4b8c495d9fa8db90,evt_21215e84c5ef56df,Jaylen Brown,NBA,32.52,30.31,16,0.56,5.6600,6.2900,7.1800,4.4000
$500 NBA Daily 8/19,2020-08-20T00:09:26.275553,estk_21215e84c5ef56df77c3d3d4d8ad15c5,evt_21215e84c5ef56df,Tobias Harris,NBA,31.86,27.27,13.25,0.56,4.7500,6.1500,6.8000,4.0100
$500 NBA Daily 8/19,2020-08-20T00:09:26.275575,estk_21215e84c5ef56df2d6f8355da37442f,evt_21215e84c5ef56df,Enes Kanter,NBA,9.51,20.93,16.75,0.56,3.3800,2.6100,5.2900,2.3200
$500 NBA Daily 8/19,2020-08-20T00:09:26.275579,estk_21215e84c5ef56dfa1e25447b314f889,evt_21215e84c5ef56df,Shake Milton,NBA,16.43,20.73,13.5,0.56,3.3500,3.4100,5.0000,2.3100
$500 NBA Daily 8/19,2020-08-20T00:09:26.275583,estk_21215e84c5ef56df8c88c133edc67225,evt_21215e84c5ef56df,Grant Williams,NBA,10.63,18.68,14,0.56,2.9900,2.7100,4.8800,1.7600
$500 NBA Daily 8/19,2020-08-20T00:09:26.275588,estk_21215e84c5ef56df049fe8ca7bf97ec4,evt_21215e84c5ef56df,Marcus Smart,NBA,25.53,15.98,4.75,0.56,2.5900,4.8400,4.2400,1.5100
$500 NBA Daily 8/19,2020-08-20T00:09:26.275592,estk_21215e84c5ef56df63a58b55849249a4,evt_21215e84c5ef56df,Al Horford,NBA,28.59,15.33,2.75,0.56,2.4900,5.4000,4.3200,1.5600
$500 NBA Daily 8/19,2020-08-20T00:09:26.275596,estk_21215e84c5ef56df41d6aa90727d2144,evt_21215e84c5ef56df,Brad Wanamaker,NBA,11.78,14.68,9.5,0.56,2.3500,2.8200,3.9100,1.3700
$500 NBA Daily 8/19,2020-08-20T00:09:26.275600,estk_21215e84c5ef56df92bc30f31e413420,evt_21215e84c5ef56df,Matisse Thybulle,NBA,18.44,11.61,3.5,0.56,2.0100,3.6800,3.6900,1.1800
$500 NBA Daily 8/19,2020-08-20T00:09:26.275604,estk_21215e84c5ef56df201a5680f9441b5c,evt_21215e84c5ef56df,Daniel Theis,NBA,20.39,10.22,1.25,0.56,1.8700,4.0100,3.4700,1.1200
$500 NBA Daily 8/19,2020-08-20T00:09:26.275608,estk_21215e84c5ef56df575ca725abf50fd3,evt_21215e84c5ef56df,Alec Burks,NBA,18.75,6.75,-1.5,0.56,1.5800,3.7400,3.1300,
$500 NBA Daily 8/19,2020-08-20T00:09:26.275611,estk_21215e84c5ef56df233a24e71677893c,evt_21215e84c5ef56df,Robert Williams,NBA,13.6,5.98,0,0.56,1.5400,3.0200,3.1400,
$500 NBA Daily 8/19,2020-08-20T00:10:26.899523,estk_21215e84c5ef56df7a763361bd2f9a08,evt_21215e84c5ef56df,Joel Embiid,NBA,51.68,56.21,34.5,0.58,15.9000,8.7600,17.7200,14.0500
$500 NBA Daily 8/19,2020-08-20T00:10:26.899559,estk_21215e84c5ef56dfda4bddbbc347c31f,evt_21215e84c5ef56df,Jayson Tatum,NBA,37.4,46.96,31.25,0.58,11.1500,7.2800,13.0400,10.1400
$500 NBA Daily 8/19,2020-08-20T00:10:26.899575,estk_21215e84c5ef56dfa9edb859d18234d0,evt_21215e84c5ef56df,Kemba Walker,NBA,33.64,31.88,17.75,0.58,6.2800,6.4900,8.0700,5.3900
$500 NBA Daily 8/19,2020-08-20T00:10:26.899579,estk_21215e84c5ef56dfb3147c681557a264,evt_21215e84c5ef56df,Josh Richardson,NBA,25.16,30.32,19.75,0.58,6.0400,4.8000,7.7500,4.5200
$500 NBA Daily 8/19,2020-08-20T00:10:26.899583,estk_21215e84c5ef56df4b8c495d9fa8db90,evt_21215e84c5ef56df,Jaylen Brown,NBA,32.52,30.91,17.25,0.58,5.6600,6.2900,7.1800,4.4000
$500 NBA Daily 8/19,2020-08-20T00:10:26.899610,estk_21215e84c5ef56df77c3d3d4d8ad15c5,evt_21215e84c5ef56df,Tobias Harris,NBA,31.86,29.13,15.75,0.58,4.7500,6.1500,6.8000,3.7200
$500 NBA Daily 8/19,2020-08-20T00:10:26.899632,estk_21215e84c5ef56df2d6f8355da37442f,evt_21215e84c5ef56df,Enes Kanter,NBA,9.51,20.74,16.75,0.58,3.3800,2.6100,5.2900,2.3200
$500 NBA Daily 8/19,2020-08-20T00:10:26.899636,estk_21215e84c5ef56dfa1e25447b314f889,evt_21215e84c5ef56df,Shake Milton,NBA,16.43,20.4,13.5,0.58,3.3500,3.4100,5.0000,2.3100
$500 NBA Daily 8/19,2020-08-20T00:10:26.899640,estk_21215e84c5ef56df8c88c133edc67225,evt_21215e84c5ef56df,Grant Williams,NBA,10.63,18.46,14,0.58,2.9900,2.7100,4.8800,1.7600
$500 NBA Daily 8/19,2020-08-20T00:10:26.899644,estk_21215e84c5ef56df049fe8ca7bf97ec4,evt_21215e84c5ef56df,Marcus Smart,NBA,25.53,17.97,7.25,0.58,2.5900,4.8400,4.2400,1.5100
$500 NBA Daily 8/19,2020-08-20T00:10:26.899648,estk_21215e84c5ef56df63a58b55849249a4,evt_21215e84c5ef56df,Al Horford,NBA,28.59,14.76,2.75,0.58,2.4900,5.4000,4.3200,1.5600
$500 NBA Daily 8/19,2020-08-20T00:10:26.899652,estk_21215e84c5ef56df41d6aa90727d2144,evt_21215e84c5ef56df,Brad Wanamaker,NBA,11.78,14.45,9.5,0.58,2.3500,2.8200,3.9100,1.3700
