name,time,id,event_id,stock_name,sector,fantasy_points_projected,fantasy_points_projected_live,fantasy_points_scored,amount_completed,estimated_price,last_price,ask_price,bid_price
$500 NBA Daily 8/11,2020-08-11T13:00:24.510925,estk_206d343c14c4d54812d0c14aa5dfd232,evt_206d343c14c4d548,Giannis Antetokounmpo,NBA,55.16,,,,,,,
$500 NBA Daily 8/11,2020-08-11T13:00:24.510953,estk_206d343c14c4d548da4bddbbc347c31f,evt_206d343c14c4d548,Jayson Tatum,NBA,39.35,,,,,,,
$500 NBA Daily 8/11,2020-08-11T13:00:24.510958,estk_206d343c14c4d548f2604b3c6ec43ff2,evt_206d343c14c4d548,Khris Middleton,NBA,35.74,,,,,,,
$500 NBA Daily 8/11,2020-08-11T13:00:24.510962,estk_206d343c14c4d54810eefe2828c2cb3c,evt_206d343c14c4d548,Thomas Bryant,NBA,35.45,,,,,,,
$500 NBA Daily 8/11,2020-08-11T13:00:24.510967,estk_206d343c14c4d5484b8c495d9fa8db90,evt_206d343c14c4d548,Jaylen Brown,NBA,33.08,,,,,,,
$500 NBA Daily 8/11,2020-08-11T13:00:24.510971,estk_206d343c14c4d548f7c5bbc448149f99,evt_206d343c14c4d548,Gordon Hayward,NBA,32.41,,,,,,,
$500 NBA Daily 8/11,2020-08-11T13:00:24.510975,estk_206d343c14c4d5488d1c1ad7764c997b,evt_206d343c14c4d548,Jonas Valanciunas,NBA,31.87,,,,,,,
$500 NBA Daily 8/11,2020-08-11T13:00:24.510979,estk_206d343c14c4d548a9edb859d18234d0,evt_206d343c14c4d548,Kemba Walker,NBA,31.69,,,,,,,
$500 NBA Daily 8/11,2020-08-11T13:00:24.510982,estk_206d343c14c4d548d6171dfea381a48f,evt_206d343c14c4d548,Brandon Clarke,NBA,31.55,,,,,,,
$500 NBA Daily 8/11,2020-08-11T13:00:24.510986,estk_206d343c14c4d54804749763bd15faac,evt_206d343c14c4d548,Eric Bledsoe,NBA,31.23,,,,,,,
$500 NBA Daily 8/11,2020-08-11T13:00:24.510990,estk_206d343c14c4d548653a3e7bbfb46eb0,evt_206d343c14c4d548,Bogdan Bogdanovic,NBA,29.41,,,,,,,
$500 NBA Daily 8/11,2020-08-11T13:00:24.510995,estk_206d343c14c4d5484e6934614546f665,evt_206d343c14c4d548,Ja Morant,NBA,28.79,,,,,,,
$500 NBA Daily 8/11,2020-08-11T13:00:24.510999,estk_206d343c14c4d548806121a64c461e99,evt_206d343c14c4d548,Brook Lopez,NBA,28.73,,,,,,,
$500 NBA Daily 8/11,2020-08-11T13:00:24.511003,estk_206d343c14c4d54813a6a7603aa51437,evt_206d343c14c4d548,Troy Brown,NBA,27.61,,,,,,,
$500 NBA Daily 8/11,2020-08-11T13:00:24.511006,estk_206d343c14c4d548049fe8ca7bf97ec4,evt_206d343c14c4d548,Marcus Smart,NBA,26.51,,,,,,,
$500 NBA Daily 8/11,2020-08-11T13:00:24.511010,estk_206d343c14c4d54855ca3ac70f0e0b62,evt_206d343c14c4d548,Lonzo Ball,NBA,26.09,,,,,,,
$500 NBA Daily 8/11,2020-08-11T13:00:24.511014,estk_206d343c14c4d548acf9036f85b48468,evt_206d343c14c4d548,Ish Smith,NBA,25.43,,,,,,,
$500 NBA Daily 8/11,2020-08-11T13:00:24.511018,estk_206d343c14c4d548af7276ad9c2ac994,evt_206d343c14c4d548,Dillon Brooks,NBA,25.02,,,,,,,
$500 NBA Daily 8/11,2020-08-11T13:00:24.511022,estk_206d343c14c4d5483691c43454c522a8,evt_206d343c14c4d548,Buddy Hield,NBA,24.72,,,,,,,
$500 NBA Daily 8/11,2020-08-11T13:00:24.511026,estk_206d343c14c4d548b809d1c7049b670f,evt_206d343c14c4d548,Harrison Barnes,NBA,24.57,,,,,,,
$500 NBA Daily 8/11,2020-08-11T13:00:24.511030,estk_206d343c14c4d548d70447b8832098dc,evt_206d343c14c4d548,Rui Hachimura,NBA,24.24,,,,,,,
$500 NBA Daily 8/11,2020-08-11T13:00:24.511034,estk_206d343c14c4d548b4cad04e823623ff,evt_206d343c14c4d548,Derrick Favors,NBA,24.14,,,,,,,
$500 NBA Daily 8/11,2020-08-11T13:00:24.511037,estk_206d343c14c4d548201a5680f9441b5c,evt_206d343c14c4d548,Daniel Theis,NBA,23.44,,,,,,,
$500 NBA Daily 8/11,2020-08-11T13:00:24.511041,estk_206d343c14c4d5481b62dea0e6c0b803,evt_206d343c14c4d548,Nicolo Melli,NBA,22.12,,,,,,,
$500 NBA Daily 8/11,2020-08-11T13:00:24.511045,estk_206d343c14c4d54883bebe309a436971,evt_206d343c14c4d548,Cory Joseph,NBA,21.43,,,,,,,
$500 NBA Daily 8/11,2020-08-11T13:00:24.511049,estk_206d343c14c4d5483298b0c055fa35dd,evt_206d343c14c4d548,JJ Redick,NBA,20.91,,,,,,,
$500 NBA Daily 8/11,2020-08-11T13:00:24.511053,estk_206d343c14c4d5489076cef21a11902c,evt_206d343c14c4d548,Donte DiVincenzo,NBA,19.49,,,,,,,
$500 NBA Daily 8/11,2020-08-11T13:00:24.511057,estk_206d343c14c4d548828daf68b6f4025d,evt_206d343c14c4d548,George Hill,NBA,19.23,,,,,,,
$500 NBA Daily 8/11,2020-08-11T13:00:24.511061,estk_206d343c14c4d548742e21c662c0c7b4,evt_206d343c14c4d548,Kyle Anderson,NBA,18.98,,,,,,,
$500 NBA Daily 8/11,2020-08-11T13:00:24.511064,estk_206d343c14c4d548920bf5c1b3a99895,evt_206d343c14c4d548,Jerome Robinson,NBA,18.89,,,,,,,
$500 NBA Daily 8/11,2020-08-11T13:00:24.511068,estk_206d343c14c4d5483257ca3a6c599f14,evt_206d343c14c4d548,Alex Len,NBA,18.25,,,,,,,
$500 NBA Daily 8/11,2020-08-11T13:00:24.511071,estk_206d343c14c4d54801e420d6a93820ae,evt_206d343c14c4d548,Josh Hart,NBA,17.63,,,,,,,
$500 NBA Daily 8/11,2020-08-11T13:00:24.511075,estk_206d343c14c4d548b349a48e189ba3d0,evt_206d343c14c4d548,Pat Connaughton,NBA,17.43,,,,,,,
$500 NBA Daily 8/11,2020-08-11T13:00:24.511078,estk_206d343c14c4d548156a3aaad17a2e07,evt_206d343c14c4d548,Isaac Bonga,NBA,17.4,,,,,,,
$500 NBA Daily 8/11,2020-08-11T13:00:24.511082,estk_206d343c14c4d548f16014e0a040fe5b,evt_206d343c14c4d548,Wesley Matthews,NBA,16.5,,,,,,,
$500 NBA Daily 8/11,2020-08-11T13:00:24.511086,estk_206d343c14c4d5488097f00ce37705fe,evt_206d343c14c4d548,Marvin Williams,NBA,16.38,,,,,,,
$500 NBA Daily 8/11,2020-08-11T13:00:24.511091,estk_206d343c14c4d5483ca2dc749cee3306,evt_206d343c14c4d548,Grayson Allen,NBA,16.21,,,,,,,
$500 NBA Daily 8/11,2020-08-11T13:00:24.511095,estk_206d343c14c4d548685a5d5d5615a90b,evt_206d343c14c4d548,Nemanja Bjelica,NBA,15.89,,,,,,,
$500 NBA Daily 8/11,2020-08-11T13:00:24.511098,estk_206d343c14c4d548df5b076d451d97be,evt_206d343c14c4d548,De'Anthony Melton,NBA,13.81,,,,,,,
$500 NBA Daily 8/11,2020-08-11T13:00:24.511102,estk_206d343c14c4d5480b618101d2ec3008,evt_206d343c14c4d548,Moritz Wagner,NBA,11.77,,,,,,,
$500 NBA Daily 8/11,2020-08-11T13:00:24.511106,estk_206d343c14c4d54841d6aa90727d2144,evt_206d343c14c4d548,Brad Wanamaker,NBA,11.37,,,,,,,
$500 NBA Daily 8/11,2020-08-11T13:00:24.511109,estk_206d343c14c4d5482d6f8355da37442f,evt_206d343c14c4d548,Enes Kanter,NBA,10.43,,,,,,,
$500 NBA Daily 8/11,2020-08-11T13:00:24.511113,estk_206d343c14c4d54892a366f55dc75d93,evt_206d343c14c4d548,Jrue Holiday,NBA,0,,,,,,,
$500 NBA Daily 8/11,2020-08-11T13:00:24.511116,estk_206d343c14c4d548821cc214f2e550d8,evt_206d343c14c4d548,De'Aaron Fox,NBA,0,,,,,,,
$500 NBA Daily 8/11,2020-08-11T13:00:24.511119,estk_206d343c14c4d5489f778e9b41f860a6,evt_206d343c14c4d548,Zion Williamson,NBA,0,,,,,,,
$500 NBA Daily 8/11,2020-08-11T13:00:24.511123,estk_206d343c14c4d54850924ad9a2f1f059,evt_206d343c14c4d548,Brandon Ingram,NBA,0,,,,,,,
$500 NBA Daily 8/11,2020-08-11T13:00:24.511127,estk_206d343c14c4d5489f8e5b254a67e7a0,evt_206d343c14c4d548,Shabazz Napier,NBA,0,,,,,,,
$500 NBA Daily 8/11,2020-08-11T13:00:24.511131,estk_206d343c14c4d54858296ab9a18519e7,evt_206d343c14c4d548,Kent Bazemore,NBA,0,,,,,,,
$500 NBA Daily 8/11,2020-08-11T16:29:21.191188,estk_206d343c14c4d54812d0c14aa5dfd232,evt_206d343c14c4d548,Giannis Antetokounmpo,NBA,55.16,,,,20.0000,8.8100,,
$500 NBA Daily 8/11,2020-08-11T16:29:21.191221,estk_206d343c14c4d548da4bddbbc347c31f,evt_206d343c14c4d548,Jayson Tatum,NBA,37.16,,,,10.0600,4.7300,,
$500 NBA Daily 8/11,2020-08-11T16:29:21.191226,estk_206d343c14c4d548f2604b3c6ec43ff2,evt_206d343c14c4d548,Khris Middleton,NBA,35.74,,,,9.1900,4.4400,,
$500 NBA Daily 8/11,2020-08-11T16:29:21.191230,estk_206d343c14c4d54810eefe2828c2cb3c,evt_206d343c14c4d548,Thomas Bryant,NBA,35.45,,,,9.1100,4.3700,,
$500 NBA Daily 8/11,2020-08-11T16:29:21.191234,estk_206d343c14c4d548f7c5bbc448149f99,evt_206d343c14c4d548,Gordon Hayward,NBA,34.38,,,,8.5600,4.1200,,
$500 NBA Daily 8/11,2020-08-11T16:29:21.191238,estk_206d343c14c4d5484b8c495d9fa8db90,evt_206d343c14c4d548,Jaylen Brown,NBA,32.13,,,,7.5200,3.7200,,
$500 NBA Daily 8/11,2020-08-11T16:29:21.191242,estk_206d343c14c4d548a9edb859d18234d0,evt_206d343c14c4d548,Kemba Walker,NBA,31.69,,,,7.2800,3.6600,,
$500 NBA Daily 8/11,2020-08-11T16:29:21.191245,estk_206d343c14c4d54804749763bd15faac,evt_206d343c14c4d548,Eric Bledsoe,NBA,31.23,,,,7.1600,3.5300,,
$500 NBA Daily 8/11,2020-08-11T16:29:21.191249,estk_206d343c14c4d548653a3e7bbfb46eb0,evt_206d343c14c4d548,Bogdan Bogdanovic,NBA,29.41,,,,6.4700,3.2200,,
$500 NBA Daily 8/11,2020-08-11T16:29:21.191252,estk_206d343c14c4d5488d1c1ad7764c997b,evt_206d343c14c4d548,Jonas Valanciunas,NBA,29.59,,,,6.4600,3.2700,,
$500 NBA Daily 8/11,2020-08-11T16:29:21.191256,estk_206d343c14c4d5484e6934614546f665,evt_206d343c14c4d548,Ja Morant,NBA,28.79,,,,6.1600,3.1300,,
$500 NBA Daily 8/11,2020-08-11T16:29:21.191266,estk_206d343c14c4d548806121a64c461e99,evt_206d343c14c4d548,Brook Lopez,NBA,28.73,,,,6.1400,3.1200,,
$500 NBA Daily 8/11,2020-08-11T16:29:21.191269,estk_206d343c14c4d54813a6a7603aa51437,evt_206d343c14c4d548,Troy Brown,NBA,27.61,,,,5.6700,2.9500,,
$500 NBA Daily 8/11,2020-08-11T16:29:21.191273,estk_206d343c14c4d54855ca3ac70f0e0b62,evt_206d343c14c4d548,Lonzo Ball,NBA,26.09,,,,5.1300,2.7400,,
$500 NBA Daily 8/11,2020-08-11T16:29:21.191276,estk_206d343c14c4d548049fe8ca7bf97ec4,evt_206d343c14c4d548,Marcus Smart,NBA,25.68,,,,5.0000,2.6500,,
$500 NBA Daily 8/11,2020-08-11T16:29:21.191280,estk_206d343c14c4d548d6171dfea381a48f,evt_206d343c14c4d548,Brandon Clarke,NBA,25.64,,,,4.9700,3.2000,,
$500 NBA Daily 8/11,2020-08-11T16:29:21.191283,estk_206d343c14c4d548acf9036f85b48468,evt_206d343c14c4d548,Ish Smith,NBA,25.43,,,,4.8700,2.6200,,
$500 NBA Daily 8/11,2020-08-11T16:29:21.191287,estk_206d343c14c4d548af7276ad9c2ac994,evt_206d343c14c4d548,Dillon Brooks,NBA,25.02,,,,4.7200,2.5600,,
$500 NBA Daily 8/11,2020-08-11T16:29:21.191291,estk_206d343c14c4d5483691c43454c522a8,evt_206d343c14c4d548,Buddy Hield,NBA,24.72,,,,4.6200,2.5300,,
$500 NBA Daily 8/11,2020-08-11T16:29:21.191294,estk_206d343c14c4d548b809d1c7049b670f,evt_206d343c14c4d548,Harrison Barnes,NBA,24.57,,,,4.6200,2.5100,,
$500 NBA Daily 8/11,2020-08-11T16:29:21.191298,estk_206d343c14c4d548d70447b8832098dc,evt_206d343c14c4d548,Rui Hachimura,NBA,24.24,,,,4.5500,2.4700,,
$500 NBA Daily 8/11,2020-08-11T16:29:21.191301,estk_206d343c14c4d548b4cad04e823623ff,evt_206d343c14c4d548,Derrick Favors,NBA,24.14,,,,4.5000,2.4500,,
$500 NBA Daily 8/11,2020-08-11T16:29:21.191306,estk_206d343c14c4d548201a5680f9441b5c,evt_206d343c14c4d548,Daniel Theis,NBA,23.44,,,,4.2500,2.3700,,
$500 NBA Daily 8/11,2020-08-11T16:29:21.191309,estk_206d343c14c4d5481b62dea0e6c0b803,evt_206d343c14c4d548,Nicolo Melli,NBA,22.12,,,,3.9000,2.2000,,
$500 NBA Daily 8/11,2020-08-11T16:29:21.191313,estk_206d343c14c4d54883bebe309a436971,evt_206d343c14c4d548,Cory Joseph,NBA,21.43,,,,3.7000,2.1300,,
$500 NBA Daily 8/11,2020-08-11T16:29:21.191317,estk_206d343c14c4d5483298b0c055fa35dd,evt_206d343c14c4d548,JJ Redick,NBA,20.91,,,,3.5400,2.0700,,
$500 NBA Daily 8/11,2020-08-11T16:29:21.191320,estk_206d343c14c4d5489076cef21a11902c,evt_206d343c14c4d548,Donte DiVincenzo,NBA,19.49,,,,3.2200,1.9200,,
$500 NBA Daily 8/11,2020-08-11T16:29:21.191324,estk_206d343c14c4d548828daf68b6f4025d,evt_206d343c14c4d548,George Hill,NBA,19.23,,,,3.1600,1.8900,,
$500 NBA Daily 8/11,2020-08-11T16:29:21.191327,estk_206d343c14c4d548920bf5c1b3a99895,evt_206d343c14c4d548,Jerome Robinson,NBA,18.89,,,,3.1100,1.8800,,
$500 NBA Daily 8/11,2020-08-11T16:29:21.191334,estk_206d343c14c4d5483257ca3a6c599f14,evt_206d343c14c4d548,Alex Len,NBA,18.25,,,,2.9700,1.8200,,
$500 NBA Daily 8/11,2020-08-11T16:29:21.191337,estk_206d343c14c4d54801e420d6a93820ae,evt_206d343c14c4d548,Josh Hart,NBA,17.63,,,,2.8200,1.7600,,
$500 NBA Daily 8/11,2020-08-11T16:29:21.191340,estk_206d343c14c4d5483ca2dc749cee3306,evt_206d343c14c4d548,Grayson Allen,NBA,17.43,,,,2.8100,1.7400,,
$500 NBA Daily 8/11,2020-08-11T16:29:21.191344,estk_206d343c14c4d548156a3aaad17a2e07,evt_206d343c14c4d548,Isaac Bonga,NBA,17.4,,,,2.7800,1.7400,,
$500 NBA Daily 8/11,2020-08-11T16:29:21.191347,estk_206d343c14c4d548b349a48e189ba3d0,evt_206d343c14c4d548,Pat Connaughton,NBA,17.43,,,,2.7700,1.7400,,
$500 NBA Daily 8/11,2020-08-11T16:29:21.191351,estk_206d343c14c4d548742e21c662c0c7b4,evt_206d343c14c4d548,Kyle Anderson,NBA,16.87,,,,2.6800,1.7500,,
$500 NBA Daily 8/11,2020-08-11T16:29:21.191354,estk_206d343c14c4d5488097f00ce37705fe,evt_206d343c14c4d548,Marvin Williams,NBA,16.38,,,,2.6200,1.6600,,
$500 NBA Daily 8/11,2020-08-11T16:29:21.191361,estk_206d343c14c4d548f16014e0a040fe5b,evt_206d343c14c4d548,Wesley Matthews,NBA,16.5,,,,2.6000,1.6700,,
$500 NBA Daily 8/11,2020-08-11T16:29:21.191364,estk_206d343c14c4d548df5b076d451d97be,evt_206d343c14c4d548,De'Anthony Melton,NBA,15.88,,,,2.5300,1.6300,,
$500 NBA Daily 8/11,2020-08-11T16:29:21.191368,estk_206d343c14c4d548685a5d5d5615a90b,evt_206d343c14c4d548,Nemanja Bjelica,NBA,15.89,,,,2.4800,1.6300,,
$500 NBA Daily 8/11,2020-08-11T16:29:21.191371,estk_206d343c14c4d54841d6aa90727d2144,evt_206d343c14c4d548,Brad Wanamaker,NBA,13.98,,,,2.1900,1.5000,,
$500 NBA Daily 8/11,2020-08-11T16:29:21.191375,estk_206d343c14c4d5480b618101d2ec3008,evt_206d343c14c4d548,Moritz Wagner,NBA,11.77,,,,1.9100,1.3800,,
$500 NBA Daily 8/11,2020-08-11T16:29:21.191378,estk_206d343c14c4d5482d6f8355da37442f,evt_206d343c14c4d548,Enes Kanter,NBA,6.95,,,,1.4500,1.2600,,
$500 NBA Daily 8/11,2020-08-11T16:29:21.191382,estk_206d343c14c4d54892a366f55dc75d93,evt_206d343c14c4d548,Jrue Holiday,NBA,0,,,,1.0000,1.0000,,
$500 NBA Daily 8/11,2020-08-11T16:29:21.191386,estk_206d343c14c4d54850924ad9a2f1f059,evt_206d343c14c4d548,Brandon Ingram,NBA,0,,,,1.0000,1.0000,,
$500 NBA Daily 8/11,2020-08-11T16:29:21.191390,estk_206d343c14c4d54858296ab9a18519e7,evt_206d343c14c4d548,Kent Bazemore,NBA,0,,,,1.0000,1.0000,,
$500 NBA Daily 8/11,2020-08-11T16:29:21.191393,estk_206d343c14c4d5489f778e9b41f860a6,evt_206d343c14c4d548,Zion Williamson,NBA,0,,,,1.0000,1.0000,,
$500 NBA Daily 8/11,2020-08-11T16:29:21.191397,estk_206d343c14c4d548821cc214f2e550d8,evt_206d343c14c4d548,De'Aaron Fox,NBA,0,,,,1.0000,1.0000,,
$500 NBA Daily 8/11,2020-08-11T16:29:21.191401,estk_206d343c14c4d5489f8e5b254a67e7a0,evt_206d343c14c4d548,Shabazz Napier,NBA,0,,,,1.0000,1.0000,,
$500 NBA Daily 8/11,2020-08-11T20:59:31.599942,estk_206d343c14c4d54812d0c14aa5dfd232,evt_206d343c14c4d548,Giannis Antetokounmpo,NBA,55.16,55.16,0,0,20.7600,17.3400,22.6800,
$500 NBA Daily 8/11,2020-08-11T20:59:31.599974,estk_206d343c14c4d548da4bddbbc347c31f,evt_206d343c14c4d548,Jayson Tatum,NBA,37.16,37.16,0,0,10.7300,10.1000,12.4400,
$500 NBA Daily 8/11,2020-08-11T20:59:31.599979,estk_206d343c14c4d54810eefe2828c2cb3c,evt_206d343c14c4d548,Thomas Bryant,NBA,35.45,35.45,0,0,9.8100,9.2800,11.5100,
$500 NBA Daily 8/11,2020-08-11T20:59:31.599983,estk_206d343c14c4d548f7c5bbc448149f99,evt_206d343c14c4d548,Gordon Hayward,NBA,34.38,34.38,0,0,9.3000,8.7800,10.9900,
$500 NBA Daily 8/11,2020-08-11T20:59:31.599987,estk_206d343c14c4d5484b8c495d9fa8db90,evt_206d343c14c4d548,Jaylen Brown,NBA,32.13,32.13,0,0,8.1800,7.7300,9.8400,
$500 NBA Daily 8/11,2020-08-11T20:59:31.599992,estk_206d343c14c4d548a9edb859d18234d0,evt_206d343c14c4d548,Kemba Walker,NBA,31.69,31.69,0,0,7.8600,7.5600,9.5200,
$500 NBA Daily 8/11,2020-08-11T20:59:31.599996,estk_206d343c14c4d5488d1c1ad7764c997b,evt_206d343c14c4d548,Jonas Valanciunas,NBA,29.59,29.59,0,0,6.9400,6.6400,8.5800,
$500 NBA Daily 8/11,2020-08-11T20:59:31.600000,estk_206d343c14c4d548653a3e7bbfb46eb0,evt_206d343c14c4d548,Bogdan Bogdanovic,NBA,29.41,29.41,0,0,6.8500,6.5800,8.4900,
$500 NBA Daily 8/11,2020-08-11T20:59:31.600004,estk_206d343c14c4d5484e6934614546f665,evt_206d343c14c4d548,Ja Morant,NBA,28.79,28.79,0,0,6.6600,6.3900,8.2900,
$500 NBA Daily 8/11,2020-08-11T20:59:31.600008,estk_206d343c14c4d54813a6a7603aa51437,evt_206d343c14c4d548,Troy Brown,NBA,27.61,27.61,0,0,6.0800,5.8600,7.7000,
$500 NBA Daily 8/11,2020-08-11T20:59:31.600012,estk_206d343c14c4d54855ca3ac70f0e0b62,evt_206d343c14c4d548,Lonzo Ball,NBA,26.09,26.09,0,0,5.5300,5.3400,7.1400,
$500 NBA Daily 8/11,2020-08-11T20:59:31.600015,estk_206d343c14c4d548049fe8ca7bf97ec4,evt_206d343c14c4d548,Marcus Smart,NBA,25.68,25.68,0,0,5.3500,5.2100,6.9600,
$500 NBA Daily 8/11,2020-08-11T20:59:31.600019,estk_206d343c14c4d548d6171dfea381a48f,evt_206d343c14c4d548,Brandon Clarke,NBA,25.64,25.64,0,0,5.3500,5.1700,6.9600,
$500 NBA Daily 8/11,2020-08-11T20:59:31.600023,estk_206d343c14c4d548828daf68b6f4025d,evt_206d343c14c4d548,George Hill,NBA,25.63,25.63,0,0,5.3400,5.1600,6.9500,
$500 NBA Daily 8/11,2020-08-11T20:59:31.600027,estk_206d343c14c4d548acf9036f85b48468,evt_206d343c14c4d548,Ish Smith,NBA,25.43,25.43,0,0,5.2900,5.1100,6.9000,
$500 NBA Daily 8/11,2020-08-11T20:59:31.600031,estk_206d343c14c4d548806121a64c461e99,evt_206d343c14c4d548,Brook Lopez,NBA,25.14,25.14,0,0,5.2100,5.0000,6.8100,
$500 NBA Daily 8/11,2020-08-11T20:59:31.600035,estk_206d343c14c4d548af7276ad9c2ac994,evt_206d343c14c4d548,Dillon Brooks,NBA,25.02,25.02,0,0,5.1500,4.9300,6.7500,
$500 NBA Daily 8/11,2020-08-11T20:59:31.600039,estk_206d343c14c4d5483691c43454c522a8,evt_206d343c14c4d548,Buddy Hield,NBA,24.72,24.72,0,0,5.0400,4.8400,6.6400,
$500 NBA Daily 8/11,2020-08-11T20:59:31.600043,estk_206d343c14c4d548b809d1c7049b670f,evt_206d343c14c4d548,Harrison Barnes,NBA,24.57,24.57,0,0,5.0000,4.8100,6.6000,
$500 NBA Daily 8/11,2020-08-11T20:59:31.600047,estk_206d343c14c4d548d70447b8832098dc,evt_206d343c14c4d548,Rui Hachimura,NBA,24.24,24.24,0,0,4.9000,4.6900,6.5000,
$500 NBA Daily 8/11,2020-08-11T20:59:31.600051,estk_206d343c14c4d548b349a48e189ba3d0,evt_206d343c14c4d548,Pat Connaughton,NBA,24.1,24.1,0,0,4.8400,4.6600,6.4400,
$500 NBA Daily 8/11,2020-08-11T20:59:31.600055,estk_206d343c14c4d548b4cad04e823623ff,evt_206d343c14c4d548,Derrick Favors,NBA,24.14,24.14,0,0,4.8200,4.6700,6.4200,
$500 NBA Daily 8/11,2020-08-11T20:59:31.600058,estk_206d343c14c4d548201a5680f9441b5c,evt_206d343c14c4d548,Daniel Theis,NBA,23.44,23.44,0,0,4.6200,4.4400,6.2100,
$500 NBA Daily 8/11,2020-08-11T20:59:31.600062,estk_206d343c14c4d5481b62dea0e6c0b803,evt_206d343c14c4d548,Nicolo Melli,NBA,22.12,22.12,0,0,4.2300,4.0800,5.8100,
$500 NBA Daily 8/11,2020-08-11T20:59:31.600066,estk_206d343c14c4d54883bebe309a436971,evt_206d343c14c4d548,Cory Joseph,NBA,21.43,21.43,0,0,4.0000,3.8600,5.5800,
$500 NBA Daily 8/11,2020-08-11T20:59:31.600070,estk_206d343c14c4d5483298b0c055fa35dd,evt_206d343c14c4d548,JJ Redick,NBA,20.91,20.91,0,0,3.8200,3.7300,5.4000,
$500 NBA Daily 8/11,2020-08-11T20:59:31.600074,estk_206d343c14c4d5488097f00ce37705fe,evt_206d343c14c4d548,Marvin Williams,NBA,18.72,18.72,0,0,3.3400,3.2000,4.9100,
$500 NBA Daily 8/11,2020-08-11T20:59:31.600078,estk_206d343c14c4d548920bf5c1b3a99895,evt_206d343c14c4d548,Jerome Robinson,NBA,18.89,18.89,0,0,3.3300,3.2300,4.9000,
$500 NBA Daily 8/11,2020-08-11T20:59:31.600082,estk_206d343c14c4d5483257ca3a6c599f14,evt_206d343c14c4d548,Alex Len,NBA,18.25,18.25,0,0,3.1700,3.0900,4.7300,
$500 NBA Daily 8/11,2020-08-11T20:59:31.600086,estk_206d343c14c4d54801e420d6a93820ae,evt_206d343c14c4d548,Josh Hart,NBA,17.63,17.63,0,0,3.0000,2.9600,4.5600,
$500 NBA Daily 8/11,2020-08-11T20:59:31.600090,estk_206d343c14c4d5483ca2dc749cee3306,evt_206d343c14c4d548,Grayson Allen,NBA,17.43,17.43,0,0,2.9900,2.9200,4.5500,
$500 NBA Daily 8/11,2020-08-11T20:59:31.600093,estk_206d343c14c4d548156a3aaad17a2e07,evt_206d343c14c4d548,Isaac Bonga,NBA,17.4,17.4,0,0,2.9900,2.9200,4.5500,
$500 NBA Daily 8/11,2020-08-11T20:59:31.600097,estk_206d343c14c4d548742e21c662c0c7b4,evt_206d343c14c4d548,Kyle Anderson,NBA,16.87,16.87,0,0,2.8600,2.8200,4.4200,
$500 NBA Daily 8/11,2020-08-11T20:59:31.600101,estk_206d343c14c4d548df5b076d451d97be,evt_206d343c14c4d548,De'Anthony Melton,NBA,15.88,15.88,0,0,2.7000,2.6500,4.2500,
$500 NBA Daily 8/11,2020-08-11T20:59:31.600105,estk_206d343c14c4d548685a5d5d5615a90b,evt_206d343c14c4d548,Nemanja Bjelica,NBA,15.89,15.89,0,0,2.6700,2.6700,4.2200,
$500 NBA Daily 8/11,2020-08-11T20:59:31.600109,estk_206d343c14c4d5489f8e5b254a67e7a0,evt_206d343c14c4d548,Shabazz Napier,NBA,15.55,15.55,0,0,2.6300,2.5900,4.1800,
$500 NBA Daily 8/11,2020-08-11T20:59:31.600114,estk_206d343c14c4d54841d6aa90727d2144,evt_206d343c14c4d548,Brad Wanamaker,NBA,13.98,13.98,0,0,2.3600,2.3900,3.9100,
$500 NBA Daily 8/11,2020-08-11T20:59:31.600118,estk_206d343c14c4d5480b618101d2ec3008,evt_206d343c14c4d548,Moritz Wagner,NBA,11.77,11.77,0,0,2.0200,2.0600,3.5600,
$500 NBA Daily 8/11,2020-08-11T20:59:31.600122,estk_206d343c14c4d5482d6f8355da37442f,evt_206d343c14c4d548,Enes Kanter,NBA,6.95,6.95,0,0,1.5400,1.6000,3.0700,
$500 NBA Daily 8/11,2020-08-11T20:59:31.600126,estk_206d343c14c4d548f16014e0a040fe5b,evt_206d343c14c4d548,Wesley Matthews,NBA,0,0,0,0,1.0000,2.4700,2.5200,
$500 NBA Daily 8/11,2020-08-11T20:59:31.600129,estk_206d343c14c4d548821cc214f2e550d8,evt_206d343c14c4d548,De'Aaron Fox,NBA,0,0,0,0,1.0000,1.0000,2.5200,
$500 NBA Daily 8/11,2020-08-11T20:59:31.600133,estk_206d343c14c4d5489f778e9b41f860a6,evt_206d343c14c4d548,Zion Williamson,NBA,0,0,0,0,1.0000,1.0000,2.5200,
$500 NBA Daily 8/11,2020-08-11T20:59:31.600137,estk_206d343c14c4d54892a366f55dc75d93,evt_206d343c14c4d548,Jrue Holiday,NBA,0,0,0,0,1.0000,1.0000,2.5200,
$500 NBA Daily 8/11,2020-08-11T20:59:31.600141,estk_206d343c14c4d54858296ab9a18519e7,evt_206d343c14c4d548,Kent Bazemore,NBA,0,0,0,0,1.0000,1.0000,2.5200,
$500 NBA Daily 8/11,2020-08-11T20:59:31.600145,estk_206d343c14c4d54850924ad9a2f1f059,evt_206d343c14c4d548,Brandon Ingram,NBA,0,0,0,0,1.0000,1.0000,2.5200,
$500 NBA Daily 8/11,2020-08-11T20:59:31.600149,estk_206d343c14c4d548f2604b3c6ec43ff2,evt_206d343c14c4d548,Khris Middleton,NBA,0,0,0,0,1.0000,5.7000,2.5200,
$500 NBA Daily 8/11,2020-08-11T20:59:31.600153,estk_206d343c14c4d54804749763bd15faac,evt_206d343c14c4d548,Eric Bledsoe,NBA,0,0,0,0,1.0000,4.5800,2.5200,
$500 NBA Daily 8/11,2020-08-11T20:59:31.600157,estk_206d343c14c4d5489076cef21a11902c,evt_206d343c14c4d548,Donte DiVincenzo,NBA,0,0,0,0,1.0000,2.8600,2.5200,
$500 NBA Daily 8/11,2020-08-11T21:12:48.301596,estk_206d343c14c4d548da4bddbbc347c31f,evt_206d343c14c4d548,Jayson Tatum,NBA,37.16,39.42,3,0.02,10.7000,10.1000,12.4400,3.9000
$500 NBA Daily 8/11,2020-08-11T21:12:48.301607,estk_206d343c14c4d548f7c5bbc448149f99,evt_206d343c14c4d548,Gordon Hayward,NBA,34.38,33.69,0,0.02,9.2700,10.9900,10.9900,7.5800
$500 NBA Daily 8/11,2020-08-11T21:12:48.301611,estk_206d343c14c4d5484b8c495d9fa8db90,evt_206d343c14c4d548,Jaylen Brown,NBA,32.13,31.49,0,0.02,8.0900,7.7300,9.8400,7.5800
$500 NBA Daily 8/11,2020-08-11T21:12:48.301615,estk_206d343c14c4d548a9edb859d18234d0,evt_206d343c14c4d548,Kemba Walker,NBA,31.69,31.06,0,0.02,7.9300,7.5600,9.5200,4.9700
$500 NBA Daily 8/11,2020-08-11T21:12:48.301619,estk_206d343c14c4d5488d1c1ad7764c997b,evt_206d343c14c4d548,Jonas Valanciunas,NBA,29.59,32.25,3.25,0.02,6.9500,8.5800,8.5800,
$500 NBA Daily 8/11,2020-08-11T21:12:48.301627,estk_206d343c14c4d5484e6934614546f665,evt_206d343c14c4d548,Ja Morant,NBA,28.79,27.71,-0.5,0.02,6.6000,6.3900,8.2900,
$500 NBA Daily 8/11,2020-08-11T21:12:48.301638,estk_206d343c14c4d548049fe8ca7bf97ec4,evt_206d343c14c4d548,Marcus Smart,NBA,25.68,25.17,0,0.02,5.4100,5.2100,6.9600,3.8000
$500 NBA Daily 8/11,2020-08-11T21:12:48.301642,estk_206d343c14c4d548d6171dfea381a48f,evt_206d343c14c4d548,Brandon Clarke,NBA,25.64,25.13,0,0.02,5.3700,5.1700,6.9600,6.2700
$500 NBA Daily 8/11,2020-08-11T21:12:48.301657,estk_206d343c14c4d548af7276ad9c2ac994,evt_206d343c14c4d548,Dillon Brooks,NBA,25.02,26.02,1.5,0.02,5.1700,4.9300,6.7500,3.5700
$500 NBA Daily 8/11,2020-08-11T21:12:48.301679,estk_206d343c14c4d548201a5680f9441b5c,evt_206d343c14c4d548,Daniel Theis,NBA,23.44,24.47,1.5,0.02,4.6400,4.4400,6.2100,3.0500
$500 NBA Daily 8/11,2020-08-11T21:12:48.301708,estk_206d343c14c4d5483ca2dc749cee3306,evt_206d343c14c4d548,Grayson Allen,NBA,17.43,17.08,0,0.02,3.0100,4.5500,4.5500,3.4100
$500 NBA Daily 8/11,2020-08-11T21:12:48.301715,estk_206d343c14c4d548742e21c662c0c7b4,evt_206d343c14c4d548,Kyle Anderson,NBA,16.87,16.53,0,0.02,2.8500,2.8200,4.4200,1.2900
$500 NBA Daily 8/11,2020-08-11T21:12:48.301722,estk_206d343c14c4d548df5b076d451d97be,evt_206d343c14c4d548,De'Anthony Melton,NBA,15.88,15.56,0,0.02,2.6900,2.6500,4.2500,3.4100
$500 NBA Daily 8/11,2020-08-11T21:12:48.301729,estk_206d343c14c4d54841d6aa90727d2144,evt_206d343c14c4d548,Brad Wanamaker,NBA,13.98,13.7,0,0.02,2.3700,3.9100,3.9100,
$500 NBA Daily 8/11,2020-08-11T21:12:48.301736,estk_206d343c14c4d5482d6f8355da37442f,evt_206d343c14c4d548,Enes Kanter,NBA,6.95,6.81,0,0.02,1.5200,1.6000,3.0700,2.6600
$500 NBA Daily 8/11,2020-08-11T21:13:49.951805,estk_206d343c14c4d548da4bddbbc347c31f,evt_206d343c14c4d548,Jayson Tatum,NBA,37.16,38.67,3,0.04,11.9400,10.1000,12.4400,10.2000
$500 NBA Daily 8/11,2020-08-11T21:13:49.951816,estk_206d343c14c4d548f7c5bbc448149f99,evt_206d343c14c4d548,Gordon Hayward,NBA,34.38,33,0,0.04,8.8200,10.9900,10.5000,7.5800
$500 NBA Daily 8/11,2020-08-11T21:13:49.951820,estk_206d343c14c4d5488d1c1ad7764c997b,evt_206d343c14c4d548,Jonas Valanciunas,NBA,29.59,31.16,2.75,0.04,8.1500,8.5800,9.8100,6.4900
$500 NBA Daily 8/11,2020-08-11T21:13:49.951824,estk_206d343c14c4d5484b8c495d9fa8db90,evt_206d343c14c4d548,Jaylen Brown,NBA,32.13,30.34,-0.5,0.04,8.0900,7.7300,9.8400,6.4300
$500 NBA Daily 8/11,2020-08-11T21:13:49.951828,estk_206d343c14c4d548a9edb859d18234d0,evt_206d343c14c4d548,Kemba Walker,NBA,31.69,30.42,0,0.04,7.9300,7.5600,9.5200,6.2700
$500 NBA Daily 8/11,2020-08-11T21:13:49.951836,estk_206d343c14c4d5484e6934614546f665,evt_206d343c14c4d548,Ja Morant,NBA,28.79,27.14,-0.5,0.04,6.1500,6.3900,7.7700,4.9700
$500 NBA Daily 8/11,2020-08-11T21:13:49.951854,estk_206d343c14c4d548049fe8ca7bf97ec4,evt_206d343c14c4d548,Marcus Smart,NBA,25.68,24.65,0,0.04,5.4100,5.2100,6.9600,3.8000
$500 NBA Daily 8/11,2020-08-11T21:13:49.951858,estk_206d343c14c4d548d6171dfea381a48f,evt_206d343c14c4d548,Brandon Clarke,NBA,25.64,24.61,0,0.04,5.3700,5.1700,6.9600,3.7600
$500 NBA Daily 8/11,2020-08-11T21:13:49.951869,estk_206d343c14c4d548af7276ad9c2ac994,evt_206d343c14c4d548,Dillon Brooks,NBA,25.02,25.52,1.5,0.04,5.1700,4.9300,6.7500,3.5700
$500 NBA Daily 8/11,2020-08-11T21:13:49.951895,estk_206d343c14c4d548201a5680f9441b5c,evt_206d343c14c4d548,Daniel Theis,NBA,23.44,24,1.5,0.04,4.6400,4.4400,6.2100,3.4100
$500 NBA Daily 8/11,2020-08-11T21:13:49.951923,estk_206d343c14c4d5483ca2dc749cee3306,evt_206d343c14c4d548,Grayson Allen,NBA,17.43,16.73,0,0.04,3.0100,4.5500,4.5500,1.4500
$500 NBA Daily 8/11,2020-08-11T21:13:49.951930,estk_206d343c14c4d548742e21c662c0c7b4,evt_206d343c14c4d548,Kyle Anderson,NBA,16.87,17.45,1.25,0.04,2.7800,2.8200,4.4200,1.2900
$500 NBA Daily 8/11,2020-08-11T21:13:49.951937,estk_206d343c14c4d548df5b076d451d97be,evt_206d343c14c4d548,De'Anthony Melton,NBA,15.88,15.24,0,0.04,2.6900,2.6500,4.2500,1.1400
$500 NBA Daily 8/11,2020-08-11T21:13:49.951945,estk_206d343c14c4d54841d6aa90727d2144,evt_206d343c14c4d548,Brad Wanamaker,NBA,13.98,13.42,0,0.04,2.3700,3.9100,3.9100,
$500 NBA Daily 8/11,2020-08-11T21:13:49.951952,estk_206d343c14c4d5482d6f8355da37442f,evt_206d343c14c4d548,Enes Kanter,NBA,6.95,6.67,0,0.04,1.5200,1.6000,3.0700,
$500 NBA Daily 8/11,2020-08-11T21:15:52.329715,estk_206d343c14c4d548da4bddbbc347c31f,evt_206d343c14c4d548,Jayson Tatum,NBA,37.16,37.93,3,0.06,11.6400,10.1000,13.3700,10.2000
$500 NBA Daily 8/11,2020-08-11T21:15:52.329725,estk_206d343c14c4d548f7c5bbc448149f99,evt_206d343c14c4d548,Gordon Hayward,NBA,34.38,32.32,0,0.06,8.6800,10.9900,10.3500,7.5800
$500 NBA Daily 8/11,2020-08-11T21:15:52.329730,estk_206d343c14c4d5488d1c1ad7764c997b,evt_206d343c14c4d548,Jonas Valanciunas,NBA,29.59,33.81,6,0.06,7.7600,8.5800,9.4200,6.4900
$500 NBA Daily 8/11,2020-08-11T21:15:52.329734,estk_206d343c14c4d5484b8c495d9fa8db90,evt_206d343c14c4d548,Jaylen Brown,NBA,32.13,30.95,0.75,0.06,7.3000,7.7300,8.9500,5.6500
$500 NBA Daily 8/11,2020-08-11T21:15:52.329738,estk_206d343c14c4d548a9edb859d18234d0,evt_206d343c14c4d548,Kemba Walker,NBA,31.69,35.04,5.25,0.06,7.2900,7.5600,8.9400,6.2700
$500 NBA Daily 8/11,2020-08-11T21:15:52.329750,estk_206d343c14c4d5484e6934614546f665,evt_206d343c14c4d548,Ja Morant,NBA,28.79,26.06,-1,0.06,5.9800,6.3900,7.6000,4.9700
$500 NBA Daily 8/11,2020-08-11T21:15:52.329765,estk_206d343c14c4d548af7276ad9c2ac994,evt_206d343c14c4d548,Dillon Brooks,NBA,25.02,22.02,-1.5,0.06,5.3100,4.9300,6.7500,3.7000
$500 NBA Daily 8/11,2020-08-11T21:15:52.329779,estk_206d343c14c4d548049fe8ca7bf97ec4,evt_206d343c14c4d548,Marcus Smart,NBA,25.68,24.14,0,0.06,5.0300,5.2100,6.9600,3.8000
$500 NBA Daily 8/11,2020-08-11T21:15:52.329783,estk_206d343c14c4d548d6171dfea381a48f,evt_206d343c14c4d548,Brandon Clarke,NBA,25.64,24.1,0,0.06,5.0100,5.1700,6.9600,3.7600
$500 NBA Daily 8/11,2020-08-11T21:15:52.329798,estk_206d343c14c4d548201a5680f9441b5c,evt_206d343c14c4d548,Daniel Theis,NBA,23.44,26.28,4.25,0.06,4.8100,4.4400,6.2100,3.4100
$500 NBA Daily 8/11,2020-08-11T21:15:52.329830,estk_206d343c14c4d548742e21c662c0c7b4,evt_206d343c14c4d548,Kyle Anderson,NBA,16.87,16.61,0.75,0.06,2.9700,2.8200,4.4200,1.4100
$500 NBA Daily 8/11,2020-08-11T21:15:52.329833,estk_206d343c14c4d5483ca2dc749cee3306,evt_206d343c14c4d548,Grayson Allen,NBA,17.43,16.38,0,0.06,2.8200,4.5500,4.5500,1.4500
$500 NBA Daily 8/11,2020-08-11T21:15:52.329845,estk_206d343c14c4d548df5b076d451d97be,evt_206d343c14c4d548,De'Anthony Melton,NBA,15.88,14.93,0,0.06,2.5400,2.6500,4.2500,1.1400
$500 NBA Daily 8/11,2020-08-11T21:15:52.329848,estk_206d343c14c4d54841d6aa90727d2144,evt_206d343c14c4d548,Brad Wanamaker,NBA,13.98,13.14,0,0.06,2.2200,3.9100,3.9100,
$500 NBA Daily 8/11,2020-08-11T21:15:52.329856,estk_206d343c14c4d5482d6f8355da37442f,evt_206d343c14c4d548,Enes Kanter,NBA,6.95,6.53,0,0.06,1.4700,1.6000,3.0700,
$500 NBA Daily 8/11,2020-08-11T21:16:53.882604,estk_206d343c14c4d548da4bddbbc347c31f,evt_206d343c14c4d548,Jayson Tatum,NBA,37.16,37.56,3,0.07,10.9700,10.1000,13.3700,10.2000
$500 NBA Daily 8/11,2020-08-11T21:16:53.882615,estk_206d343c14c4d548a9edb859d18234d0,evt_206d343c14c4d548,Kemba Walker,NBA,31.69,34.72,5.25,0.07,9.4100,7.5600,8.9400,6.2700
$500 NBA Daily 8/11,2020-08-11T21:16:53.882619,estk_206d343c14c4d5488d1c1ad7764c997b,evt_206d343c14c4d548,Jonas Valanciunas,NBA,29.59,33.52,6,0.07,8.8100,8.5800,9.4200,6.4900
$500 NBA Daily 8/11,2020-08-11T21:16:53.882623,estk_206d343c14c4d548f7c5bbc448149f99,evt_206d343c14c4d548,Gordon Hayward,NBA,34.38,31.97,0,0.07,8.0800,10.9900,10.3500,7.5800
$500 NBA Daily 8/11,2020-08-11T21:16:53.882627,estk_206d343c14c4d5484b8c495d9fa8db90,evt_206d343c14c4d548,Jaylen Brown,NBA,32.13,30.63,0.75,0.07,7.4800,7.7300,8.9500,5.8300
$500 NBA Daily 8/11,2020-08-11T21:16:53.882643,estk_206d343c14c4d548201a5680f9441b5c,evt_206d343c14c4d548,Daniel Theis,NBA,23.44,26.05,4.25,0.07,5.5000,4.4400,6.2100,3.8900
$500 NBA Daily 8/11,2020-08-11T21:16:53.882651,estk_206d343c14c4d5484e6934614546f665,evt_206d343c14c4d548,Ja Morant,NBA,28.79,25.77,-1,0.07,5.4200,6.3900,7.6000,4.9700
$500 NBA Daily 8/11,2020-08-11T21:16:53.882679,estk_206d343c14c4d548049fe8ca7bf97ec4,evt_206d343c14c4d548,Marcus Smart,NBA,25.68,23.88,0,0.07,4.7500,5.2100,6.9600,3.8000
$500 NBA Daily 8/11,2020-08-11T21:16:53.882683,estk_206d343c14c4d548d6171dfea381a48f,evt_206d343c14c4d548,Brandon Clarke,NBA,25.64,23.85,0,0.07,4.7100,5.1700,6.9600,3.7600
$500 NBA Daily 8/11,2020-08-11T21:16:53.882694,estk_206d343c14c4d548af7276ad9c2ac994,evt_206d343c14c4d548,Dillon Brooks,NBA,25.02,21.77,-1.5,0.07,4.0200,4.9300,6.7500,3.7000
$500 NBA Daily 8/11,2020-08-11T21:16:53.882719,estk_206d343c14c4d548742e21c662c0c7b4,evt_206d343c14c4d548,Kyle Anderson,NBA,16.87,16.44,0.75,0.07,2.7300,2.8200,4.4200,1.4100
$500 NBA Daily 8/11,2020-08-11T21:16:53.882726,estk_206d343c14c4d5483ca2dc749cee3306,evt_206d343c14c4d548,Grayson Allen,NBA,17.43,16.21,0,0.07,2.6900,4.5500,4.5500,1.4500
$500 NBA Daily 8/11,2020-08-11T21:16:53.882734,estk_206d343c14c4d548df5b076d451d97be,evt_206d343c14c4d548,De'Anthony Melton,NBA,15.88,14.77,0,0.07,2.4300,2.6500,4.2500,1.1400
$500 NBA Daily 8/11,2020-08-11T21:16:53.882738,estk_206d343c14c4d54841d6aa90727d2144,evt_206d343c14c4d548,Brad Wanamaker,NBA,13.98,13,0,0.07,2.1200,3.9100,3.9100,
$500 NBA Daily 8/11,2020-08-11T21:16:53.882746,estk_206d343c14c4d5482d6f8355da37442f,evt_206d343c14c4d548,Enes Kanter,NBA,6.95,6.46,0,0.07,1.4500,1.6000,3.0700,
$500 NBA Daily 8/11,2020-08-11T21:17:55.107189,estk_206d343c14c4d548da4bddbbc347c31f,evt_206d343c14c4d548,Jayson Tatum,NBA,37.16,38.44,4.25,0.08,11.0200,10.1000,12.7400,9.9100
$500 NBA Daily 8/11,2020-08-11T21:17:55.107199,estk_206d343c14c4d548a9edb859d18234d0,evt_206d343c14c4d548,Kemba Walker,NBA,31.69,34.4,5.25,0.08,9.4400,7.5600,11.1300,7.7500
$500 NBA Daily 8/11,2020-08-11T21:17:55.107204,estk_206d343c14c4d5488d1c1ad7764c997b,evt_206d343c14c4d548,Jonas Valanciunas,NBA,29.59,35.22,8,0.08,8.8900,8.5800,10.5700,7.2100
$500 NBA Daily 8/11,2020-08-11T21:17:55.107208,estk_206d343c14c4d548f7c5bbc448149f99,evt_206d343c14c4d548,Gordon Hayward,NBA,34.38,31.63,0,0.08,8.1000,10.9900,9.7400,7.1400
$500 NBA Daily 8/11,2020-08-11T21:17:55.107212,estk_206d343c14c4d5484b8c495d9fa8db90,evt_206d343c14c4d548,Jaylen Brown,NBA,32.13,29.81,0.25,0.08,7.4400,7.7300,8.9500,5.8300
$500 NBA Daily 8/11,2020-08-11T21:17:55.107227,estk_206d343c14c4d548201a5680f9441b5c,evt_206d343c14c4d548,Daniel Theis,NBA,23.44,25.81,4.25,0.08,5.4600,4.4400,7.0700,3.8900
$500 NBA Daily 8/11,2020-08-11T21:17:55.107235,estk_206d343c14c4d5484e6934614546f665,evt_206d343c14c4d548,Ja Morant,NBA,28.79,29.24,2.75,0.08,5.4100,6.3900,7.0200,4.5300
$500 NBA Daily 8/11,2020-08-11T21:17:55.107263,estk_206d343c14c4d548d6171dfea381a48f,evt_206d343c14c4d548,Brandon Clarke,NBA,25.64,23.59,0,0.08,4.7500,5.1700,6.3500,3.7600
$500 NBA Daily 8/11,2020-08-11T21:17:55.107267,estk_206d343c14c4d548049fe8ca7bf97ec4,evt_206d343c14c4d548,Marcus Smart,NBA,25.68,23.63,0,0.08,4.6900,5.2100,6.2800,3.8000
$500 NBA Daily 8/11,2020-08-11T21:17:55.107278,estk_206d343c14c4d548af7276ad9c2ac994,evt_206d343c14c4d548,Dillon Brooks,NBA,25.02,21.52,-1.5,0.08,4.0300,4.9300,5.6100,2.4500
$500 NBA Daily 8/11,2020-08-11T21:17:55.107303,estk_206d343c14c4d548742e21c662c0c7b4,evt_206d343c14c4d548,Kyle Anderson,NBA,16.87,16.27,0.75,0.08,2.7400,2.8200,4.4200,1.4100
$500 NBA Daily 8/11,2020-08-11T21:17:55.107306,estk_206d343c14c4d5483ca2dc749cee3306,evt_206d343c14c4d548,Grayson Allen,NBA,17.43,16.04,0,0.08,2.7200,4.5500,4.5500,1.4500
$500 NBA Daily 8/11,2020-08-11T21:17:55.107318,estk_206d343c14c4d548df5b076d451d97be,evt_206d343c14c4d548,De'Anthony Melton,NBA,15.88,14.61,0,0.08,2.4100,2.6500,4.2500,1.1400
$500 NBA Daily 8/11,2020-08-11T21:17:55.107321,estk_206d343c14c4d54841d6aa90727d2144,evt_206d343c14c4d548,Brad Wanamaker,NBA,13.98,12.86,0,0.08,2.1300,3.9100,3.9100,
$500 NBA Daily 8/11,2020-08-11T21:17:55.107329,estk_206d343c14c4d5482d6f8355da37442f,evt_206d343c14c4d548,Enes Kanter,NBA,6.95,6.39,0,0.08,1.4400,1.6000,3.0700,
$500 NBA Daily 8/11,2020-08-11T21:18:56.331240,estk_206d343c14c4d548da4bddbbc347c31f,evt_206d343c14c4d548,Jayson Tatum,NBA,37.16,37.69,4.25,0.1,11.4500,10.1000,12.7400,9.9100
$500 NBA Daily 8/11,2020-08-11T21:18:56.331251,estk_206d343c14c4d5488d1c1ad7764c997b,evt_206d343c14c4d548,Jonas Valanciunas,NBA,29.59,34.63,8,0.1,9.5900,8.5800,11.2800,7.9000
$500 NBA Daily 8/11,2020-08-11T21:18:56.331256,estk_206d343c14c4d548a9edb859d18234d0,evt_206d343c14c4d548,Kemba Walker,NBA,31.69,33.77,5.25,0.1,9.2100,7.5600,10.8900,7.7500
$500 NBA Daily 8/11,2020-08-11T21:18:56.331260,estk_206d343c14c4d548f7c5bbc448149f99,evt_206d343c14c4d548,Gordon Hayward,NBA,34.38,31.69,0.75,0.1,7.7900,10.9900,9.4500,7.1400
$500 NBA Daily 8/11,2020-08-11T21:18:56.331264,estk_206d343c14c4d5484b8c495d9fa8db90,evt_206d343c14c4d548,Jaylen Brown,NBA,32.13,31.17,2.25,0.1,7.0100,7.7300,8.9500,5.8300
$500 NBA Daily 8/11,2020-08-11T21:18:56.331272,estk_206d343c14c4d5484e6934614546f665,evt_206d343c14c4d548,Ja Morant,NBA,28.79,28.66,2.75,0.1,6.7400,6.3900,8.3700,5.1100
$500 NBA Daily 8/11,2020-08-11T21:18:56.331287,estk_206d343c14c4d548201a5680f9441b5c,evt_206d343c14c4d548,Daniel Theis,NBA,23.44,25.35,4.25,0.1,5.3300,4.4400,7.0700,3.8900
$500 NBA Daily 8/11,2020-08-11T21:18:56.331317,estk_206d343c14c4d548d6171dfea381a48f,evt_206d343c14c4d548,Brandon Clarke,NBA,25.64,23.08,0,0.1,4.6300,5.1700,6.3500,3.7600
$500 NBA Daily 8/11,2020-08-11T21:18:56.331320,estk_206d343c14c4d548049fe8ca7bf97ec4,evt_206d343c14c4d548,Marcus Smart,NBA,25.68,23.11,0,0.1,4.5700,5.2100,6.2800,3.4300
$500 NBA Daily 8/11,2020-08-11T21:18:56.331331,estk_206d343c14c4d548af7276ad9c2ac994,evt_206d343c14c4d548,Dillon Brooks,NBA,25.02,21.02,-1.5,0.1,3.9500,4.9300,5.6100,2.4500
$500 NBA Daily 8/11,2020-08-11T21:18:56.331359,estk_206d343c14c4d548742e21c662c0c7b4,evt_206d343c14c4d548,Kyle Anderson,NBA,16.87,18.18,3,0.1,2.6700,2.8200,4.4200,1.4100
$500 NBA Daily 8/11,2020-08-11T21:18:56.331367,estk_206d343c14c4d5483ca2dc749cee3306,evt_206d343c14c4d548,Grayson Allen,NBA,17.43,15.69,0,0.1,2.5900,4.5500,4.5500,1.4500
$500 NBA Daily 8/11,2020-08-11T21:18:56.331370,estk_206d343c14c4d548df5b076d451d97be,evt_206d343c14c4d548,De'Anthony Melton,NBA,15.88,14.29,0,0.1,2.3700,2.6500,4.2500,1.1400
$500 NBA Daily 8/11,2020-08-11T21:18:56.331374,estk_206d343c14c4d54841d6aa90727d2144,evt_206d343c14c4d548,Brad Wanamaker,NBA,13.98,12.58,0,0.1,2.1000,3.9100,3.9100,
$500 NBA Daily 8/11,2020-08-11T21:18:56.331381,estk_206d343c14c4d5482d6f8355da37442f,evt_206d343c14c4d548,Enes Kanter,NBA,6.95,6.25,0,0.1,1.4200,1.6000,3.0700,
$500 NBA Daily 8/11,2020-08-11T21:23:01.958863,estk_206d343c14c4d548da4bddbbc347c31f,evt_206d343c14c4d548,Jayson Tatum,NBA,37.16,38.82,5.75,0.11,11.0200,10.1000,12.7400,9.9100
$500 NBA Daily 8/11,2020-08-11T21:23:01.958875,estk_206d343c14c4d5488d1c1ad7764c997b,evt_206d343c14c4d548,Jonas Valanciunas,NBA,29.59,35.59,9.25,0.11,9.4000,8.5800,11.0500,7.9000
$500 NBA Daily 8/11,2020-08-11T21:23:01.958879,estk_206d343c14c4d548a9edb859d18234d0,evt_206d343c14c4d548,Kemba Walker,NBA,31.69,33.45,5.25,0.11,8.8700,7.5600,10.5800,7.7500
$500 NBA Daily 8/11,2020-08-11T21:23:01.958883,estk_206d343c14c4d548f7c5bbc448149f99,evt_206d343c14c4d548,Gordon Hayward,NBA,34.38,31.35,0.75,0.11,7.9200,10.9900,9.4500,6.4400
$500 NBA Daily 8/11,2020-08-11T21:23:01.958887,estk_206d343c14c4d5484b8c495d9fa8db90,evt_206d343c14c4d548,Jaylen Brown,NBA,32.13,32.85,4.25,0.11,7.6500,7.7300,8.9500,5.9300
$500 NBA Daily 8/11,2020-08-11T21:23:01.958896,estk_206d343c14c4d5484e6934614546f665,evt_206d343c14c4d548,Ja Morant,NBA,28.79,28.37,2.75,0.11,6.5300,6.3900,8.1800,5.1100
$500 NBA Daily 8/11,2020-08-11T21:23:01.958922,estk_206d343c14c4d548201a5680f9441b5c,evt_206d343c14c4d548,Daniel Theis,NBA,23.44,28.36,7.5,0.11,5.1200,4.4400,7.0700,3.8900
$500 NBA Daily 8/11,2020-08-11T21:23:01.958941,estk_206d343c14c4d548049fe8ca7bf97ec4,evt_206d343c14c4d548,Marcus Smart,NBA,25.68,22.86,0,0.11,4.4300,5.2100,6.2800,3.4300
$500 NBA Daily 8/11,2020-08-11T21:23:01.958945,estk_206d343c14c4d548d6171dfea381a48f,evt_206d343c14c4d548,Brandon Clarke,NBA,25.64,22.82,0,0.11,4.4000,5.1700,6.3500,3.4100
$500 NBA Daily 8/11,2020-08-11T21:23:01.958959,estk_206d343c14c4d548af7276ad9c2ac994,evt_206d343c14c4d548,Dillon Brooks,NBA,25.02,20.27,-2,0.11,3.7700,4.9300,5.6100,2.4500
$500 NBA Daily 8/11,2020-08-11T21:23:01.958978,estk_206d343c14c4d548742e21c662c0c7b4,evt_206d343c14c4d548,Kyle Anderson,NBA,16.87,16.76,1.75,0.11,3.0600,2.8200,4.4200,1.4900
$500 NBA Daily 8/11,2020-08-11T21:23:01.958993,estk_206d343c14c4d5483ca2dc749cee3306,evt_206d343c14c4d548,Grayson Allen,NBA,17.43,15.51,0,0.11,2.5200,4.5500,4.0500,1.4500
$500 NBA Daily 8/11,2020-08-11T21:23:01.958997,estk_206d343c14c4d548df5b076d451d97be,evt_206d343c14c4d548,De'Anthony Melton,NBA,15.88,14.13,0,0.11,2.2900,2.6500,4.2500,1.1400
$500 NBA Daily 8/11,2020-08-11T21:23:01.959004,estk_206d343c14c4d54841d6aa90727d2144,evt_206d343c14c4d548,Brad Wanamaker,NBA,13.98,12.44,0,0.11,2.0400,3.9100,3.9100,
$500 NBA Daily 8/11,2020-08-11T21:23:01.959008,estk_206d343c14c4d5482d6f8355da37442f,evt_206d343c14c4d548,Enes Kanter,NBA,6.95,6.19,0,0.11,1.4000,1.6000,3.0700,
$500 NBA Daily 8/11,2020-08-11T21:25:04.367671,estk_206d343c14c4d548da4bddbbc347c31f,evt_206d343c14c4d548,Jayson Tatum,NBA,37.16,38.08,5.75,0.13,11.5600,10.1000,13.2900,9.9100
$500 NBA Daily 8/11,2020-08-11T21:25:04.367682,estk_206d343c14c4d5488d1c1ad7764c997b,evt_206d343c14c4d548,Jonas Valanciunas,NBA,29.59,34.99,9.25,0.13,9.7300,8.5800,11.0500,8.1000
$500 NBA Daily 8/11,2020-08-11T21:25:04.367687,estk_206d343c14c4d548a9edb859d18234d0,evt_206d343c14c4d548,Kemba Walker,NBA,31.69,34.82,7.25,0.13,8.6700,7.5600,10.3400,7.7200
$500 NBA Daily 8/11,2020-08-11T21:25:04.367691,estk_206d343c14c4d5484b8c495d9fa8db90,evt_206d343c14c4d548,Jaylen Brown,NBA,32.13,32.2,4.25,0.13,8.3700,7.7300,10.0500,6.7100
$500 NBA Daily 8/11,2020-08-11T21:25:04.367695,estk_206d343c14c4d548f7c5bbc448149f99,evt_206d343c14c4d548,Gordon Hayward,NBA,34.38,30.66,0.75,0.13,7.6900,10.9900,9.4500,6.4400
$500 NBA Daily 8/11,2020-08-11T21:25:04.367703,estk_206d343c14c4d5484e6934614546f665,evt_206d343c14c4d548,Ja Morant,NBA,28.79,31.8,6.75,0.13,6.3200,6.3900,8.1800,5.1100
$500 NBA Daily 8/11,2020-08-11T21:25:04.367707,estk_206d343c14c4d548201a5680f9441b5c,evt_206d343c14c4d548,Daniel Theis,NBA,23.44,27.39,7,0.13,6.3000,4.4400,7.9300,4.7200
$500 NBA Daily 8/11,2020-08-11T21:25:04.367747,estk_206d343c14c4d548049fe8ca7bf97ec4,evt_206d343c14c4d548,Marcus Smart,NBA,25.68,22.34,0,0.13,4.2900,5.2100,6.2800,3.4300
$500 NBA Daily 8/11,2020-08-11T21:25:04.367751,estk_206d343c14c4d548d6171dfea381a48f,evt_206d343c14c4d548,Brandon Clarke,NBA,25.64,23.56,1.25,0.13,4.2600,5.1700,5.8500,3.4100
$500 NBA Daily 8/11,2020-08-11T21:25:04.367766,estk_206d343c14c4d548af7276ad9c2ac994,evt_206d343c14c4d548,Dillon Brooks,NBA,25.02,19.77,-2,0.13,3.5300,4.9300,5.1000,2.4500
$500 NBA Daily 8/11,2020-08-11T21:25:04.367788,estk_206d343c14c4d548742e21c662c0c7b4,evt_206d343c14c4d548,Kyle Anderson,NBA,16.87,17.93,3.25,0.13,2.7200,2.8200,4.4200,1.4900
$500 NBA Daily 8/11,2020-08-11T21:25:04.367798,estk_206d343c14c4d5483ca2dc749cee3306,evt_206d343c14c4d548,Grayson Allen,NBA,17.43,15.16,0,0.13,2.4700,4.5500,4.0500,1.4500
$500 NBA Daily 8/11,2020-08-11T21:25:04.367802,estk_206d343c14c4d548df5b076d451d97be,evt_206d343c14c4d548,De'Anthony Melton,NBA,15.88,13.82,0,0.13,2.2100,2.6500,4.2500,1.1400
$500 NBA Daily 8/11,2020-08-11T21:25:04.367810,estk_206d343c14c4d54841d6aa90727d2144,evt_206d343c14c4d548,Brad Wanamaker,NBA,13.98,12.16,0,0.13,1.9800,3.9100,3.9100,
$500 NBA Daily 8/11,2020-08-11T21:25:04.367814,estk_206d343c14c4d5482d6f8355da37442f,evt_206d343c14c4d548,Enes Kanter,NBA,6.95,6.05,0,0.13,1.3800,1.6000,3.0700,
$500 NBA Daily 8/11,2020-08-11T21:26:05.910564,estk_206d343c14c4d548da4bddbbc347c31f,evt_206d343c14c4d548,Jayson Tatum,NBA,37.16,37.71,5.75,0.14,11.0300,10.1000,13.2900,9.9100
$500 NBA Daily 8/11,2020-08-11T21:26:05.910575,estk_206d343c14c4d5488d1c1ad7764c997b,evt_206d343c14c4d548,Jonas Valanciunas,NBA,29.59,34.7,9.25,0.14,9.3500,8.5800,11.0500,8.1000
$500 NBA Daily 8/11,2020-08-11T21:26:05.910579,estk_206d343c14c4d548a9edb859d18234d0,evt_206d343c14c4d548,Kemba Walker,NBA,31.69,34.5,7.25,0.14,9.2400,7.5600,10.5800,7.7200
$500 NBA Daily 8/11,2020-08-11T21:26:05.910583,estk_206d343c14c4d5484b8c495d9fa8db90,evt_206d343c14c4d548,Jaylen Brown,NBA,32.13,31.88,4.25,0.14,7.9500,7.7300,10.0500,6.7100
$500 NBA Daily 8/11,2020-08-11T21:26:05.910587,estk_206d343c14c4d5484e6934614546f665,evt_206d343c14c4d548,Ja Morant,NBA,28.79,31.51,6.75,0.14,7.7600,6.3900,8.1800,5.1100
$500 NBA Daily 8/11,2020-08-11T21:26:05.910591,estk_206d343c14c4d548f7c5bbc448149f99,evt_206d343c14c4d548,Gordon Hayward,NBA,34.38,30.32,0.75,0.14,7.1200,10.9900,9.4500,6.4400
$500 NBA Daily 8/11,2020-08-11T21:26:05.910603,estk_206d343c14c4d548201a5680f9441b5c,evt_206d343c14c4d548,Daniel Theis,NBA,23.44,27.16,7,0.14,5.7800,4.4400,7.9300,4.7200
$500 NBA Daily 8/11,2020-08-11T21:26:05.910640,estk_206d343c14c4d548d6171dfea381a48f,evt_206d343c14c4d548,Brandon Clarke,NBA,25.64,23.3,1.25,0.14,4.4000,5.1700,5.8500,3.4100
$500 NBA Daily 8/11,2020-08-11T21:26:05.910651,estk_206d343c14c4d548049fe8ca7bf97ec4,evt_206d343c14c4d548,Marcus Smart,NBA,25.68,22.08,0,0.14,4.0000,5.2100,6.2800,3.4300
$500 NBA Daily 8/11,2020-08-11T21:26:05.910665,estk_206d343c14c4d548af7276ad9c2ac994,evt_206d343c14c4d548,Dillon Brooks,NBA,25.02,19.52,-2,0.14,3.3200,4.9300,5.1000,2.4500
$500 NBA Daily 8/11,2020-08-11T21:26:05.910679,estk_206d343c14c4d548742e21c662c0c7b4,evt_206d343c14c4d548,Kyle Anderson,NBA,16.87,17.26,2.75,0.14,2.7600,2.8200,4.4200,1.4900
$500 NBA Daily 8/11,2020-08-11T21:26:05.910690,estk_206d343c14c4d5483ca2dc749cee3306,evt_206d343c14c4d548,Grayson Allen,NBA,17.43,14.99,0,0.14,2.3300,4.5500,4.0500,1.4500
$500 NBA Daily 8/11,2020-08-11T21:26:05.910694,estk_206d343c14c4d548df5b076d451d97be,evt_206d343c14c4d548,De'Anthony Melton,NBA,15.88,13.66,0,0.14,2.1500,2.6500,4.2500,1.1400
$500 NBA Daily 8/11,2020-08-11T21:26:05.910701,estk_206d343c14c4d54841d6aa90727d2144,evt_206d343c14c4d548,Brad Wanamaker,NBA,13.98,12.02,0,0.14,1.9000,3.9100,3.9100,
$500 NBA Daily 8/11,2020-08-11T21:26:05.910705,estk_206d343c14c4d5482d6f8355da37442f,evt_206d343c14c4d548,Enes Kanter,NBA,6.95,7.98,2,0.14,1.4800,1.6000,3.0700,
$500 NBA Daily 8/11,2020-08-11T21:27:07.009039,estk_206d343c14c4d548da4bddbbc347c31f,evt_206d343c14c4d548,Jayson Tatum,NBA,37.16,36.96,5.75,0.16,10.8400,10.1000,12.7000,9.9100
$500 NBA Daily 8/11,2020-08-11T21:27:07.009050,estk_206d343c14c4d5488d1c1ad7764c997b,evt_206d343c14c4d548,Jonas Valanciunas,NBA,29.59,34.11,9.25,0.16,9.2100,8.5800,11.0500,8.1000
$500 NBA Daily 8/11,2020-08-11T21:27:07.009055,estk_206d343c14c4d548a9edb859d18234d0,evt_206d343c14c4d548,Kemba Walker,NBA,31.69,33.37,6.75,0.16,8.7800,7.5600,10.5800,7.7200
$500 NBA Daily 8/11,2020-08-11T21:27:07.009059,estk_206d343c14c4d5484b8c495d9fa8db90,evt_206d343c14c4d548,Jaylen Brown,NBA,32.13,31.24,4.25,0.16,7.7500,7.7300,10.0500,6.7100
$500 NBA Daily 8/11,2020-08-11T21:27:07.009063,estk_206d343c14c4d5484e6934614546f665,evt_206d343c14c4d548,Ja Morant,NBA,28.79,30.93,6.75,0.16,7.5900,6.3900,9.3900,6.1000
$500 NBA Daily 8/11,2020-08-11T21:27:07.009071,estk_206d343c14c4d548f7c5bbc448149f99,evt_206d343c14c4d548,Gordon Hayward,NBA,34.38,29.13,0.25,0.16,6.7100,10.9900,8.7600,6.1300
$500 NBA Daily 8/11,2020-08-11T21:27:07.009112,estk_206d343c14c4d548201a5680f9441b5c,evt_206d343c14c4d548,Daniel Theis,NBA,23.44,24.69,5,0.16,4.9000,4.4400,7.4300,4.7200
$500 NBA Daily 8/11,2020-08-11T21:27:07.009120,estk_206d343c14c4d548d6171dfea381a48f,evt_206d343c14c4d548,Brandon Clarke,NBA,25.64,22.79,1.25,0.16,4.2600,5.1700,5.8500,3.4100
$500 NBA Daily 8/11,2020-08-11T21:27:07.009131,estk_206d343c14c4d548049fe8ca7bf97ec4,evt_206d343c14c4d548,Marcus Smart,NBA,25.68,21.57,0,0.16,3.8800,5.2100,5.5900,3.1600
$500 NBA Daily 8/11,2020-08-11T21:27:07.009146,estk_206d343c14c4d548af7276ad9c2ac994,evt_206d343c14c4d548,Dillon Brooks,NBA,25.02,19.02,-2,0.16,3.1800,4.9300,5.1000,2.4500
$500 NBA Daily 8/11,2020-08-11T21:27:07.009150,estk_206d343c14c4d5483ca2dc749cee3306,evt_206d343c14c4d548,Grayson Allen,NBA,17.43,18.64,4,0.16,3.1400,4.5500,4.0500,1.4500
$500 NBA Daily 8/11,2020-08-11T21:27:07.009165,estk_206d343c14c4d548742e21c662c0c7b4,evt_206d343c14c4d548,Kyle Anderson,NBA,16.87,16.92,2.75,0.16,2.7100,2.8200,4.4200,1.4900
$500 NBA Daily 8/11,2020-08-11T21:27:07.009172,estk_206d343c14c4d548df5b076d451d97be,evt_206d343c14c4d548,De'Anthony Melton,NBA,15.88,13.34,0,0.16,2.1000,2.6500,3.6800,1.1400
$500 NBA Daily 8/11,2020-08-11T21:27:07.009180,estk_206d343c14c4d54841d6aa90727d2144,evt_206d343c14c4d548,Brad Wanamaker,NBA,13.98,11.74,0,0.16,1.8600,3.9100,3.9100,
$500 NBA Daily 8/11,2020-08-11T21:27:07.009184,estk_206d343c14c4d5482d6f8355da37442f,evt_206d343c14c4d548,Enes Kanter,NBA,6.95,7.84,2,0.16,1.4700,1.6000,3.0700,
$500 NBA Daily 8/11,2020-08-11T21:28:38.902847,estk_206d343c14c4d548da4bddbbc347c31f,evt_206d343c14c4d548,Jayson Tatum,NBA,37.16,36.59,5.75,0.17,10.7700,10.1000,12.5600,9.7200
$500 NBA Daily 8/11,2020-08-11T21:28:38.902858,estk_206d343c14c4d5488d1c1ad7764c997b,evt_206d343c14c4d548,Jonas Valanciunas,NBA,29.59,33.81,9.25,0.17,9.2200,8.5800,11.0500,8.1000
$500 NBA Daily 8/11,2020-08-11T21:28:38.902862,estk_206d343c14c4d548a9edb859d18234d0,evt_206d343c14c4d548,Kemba Walker,NBA,31.69,33.05,6.75,0.17,8.8300,7.5600,10.4600,7.7200
$500 NBA Daily 8/11,2020-08-11T21:28:38.902866,estk_206d343c14c4d5484e6934614546f665,evt_206d343c14c4d548,Ja Morant,NBA,28.79,34.65,10.75,0.17,8.5700,6.3900,9.2400,6.0900
$500 NBA Daily 8/11,2020-08-11T21:28:38.902870,estk_206d343c14c4d5484b8c495d9fa8db90,evt_206d343c14c4d548,Jaylen Brown,NBA,32.13,30.92,4.25,0.17,7.7200,7.7300,9.4100,6.7100
$500 NBA Daily 8/11,2020-08-11T21:28:38.902879,estk_206d343c14c4d548f7c5bbc448149f99,evt_206d343c14c4d548,Gordon Hayward,NBA,34.38,28.79,0.25,0.17,6.6900,10.9900,8.3400,5.5500
$500 NBA Daily 8/11,2020-08-11T21:28:38.902918,estk_206d343c14c4d548201a5680f9441b5c,evt_206d343c14c4d548,Daniel Theis,NBA,23.44,24.46,5,0.17,4.9100,4.4400,6.5000,3.3000
$500 NBA Daily 8/11,2020-08-11T21:28:38.902926,estk_206d343c14c4d548d6171dfea381a48f,evt_206d343c14c4d548,Brandon Clarke,NBA,25.64,22.53,1.25,0.17,4.2700,5.1700,5.8500,3.4100
$500 NBA Daily 8/11,2020-08-11T21:28:38.902937,estk_206d343c14c4d548049fe8ca7bf97ec4,evt_206d343c14c4d548,Marcus Smart,NBA,25.68,21.31,0,0.17,3.8600,5.2100,5.5900,2.9800
$500 NBA Daily 8/11,2020-08-11T21:28:38.902951,estk_206d343c14c4d548af7276ad9c2ac994,evt_206d343c14c4d548,Dillon Brooks,NBA,25.02,18.77,-2,0.17,3.1800,4.9300,5.1000,1.9800
$500 NBA Daily 8/11,2020-08-11T21:28:38.902955,estk_206d343c14c4d5483ca2dc749cee3306,evt_206d343c14c4d548,Grayson Allen,NBA,17.43,18.47,4,0.17,3.1100,4.5500,4.6700,1.5800
$500 NBA Daily 8/11,2020-08-11T21:28:38.902974,estk_206d343c14c4d548742e21c662c0c7b4,evt_206d343c14c4d548,Kyle Anderson,NBA,16.87,16.75,2.75,0.17,2.6800,2.8200,4.4200,1.4900
$500 NBA Daily 8/11,2020-08-11T21:28:38.902978,estk_206d343c14c4d548df5b076d451d97be,evt_206d343c14c4d548,De'Anthony Melton,NBA,15.88,12.68,-0.5,0.17,2.0500,2.6500,3.6800,1.1400
$500 NBA Daily 8/11,2020-08-11T21:28:38.902985,estk_206d343c14c4d54841d6aa90727d2144,evt_206d343c14c4d548,Brad Wanamaker,NBA,13.98,11.6,0,0.17,1.8600,3.9100,3.4000,
$500 NBA Daily 8/11,2020-08-11T21:28:38.902989,estk_206d343c14c4d5482d6f8355da37442f,evt_206d343c14c4d548,Enes Kanter,NBA,6.95,9.27,3.5,0.17,1.4700,1.6000,3.0700,
$500 NBA Daily 8/11,2020-08-11T21:29:40.282576,estk_206d343c14c4d548da4bddbbc347c31f,evt_206d343c14c4d548,Jayson Tatum,NBA,37.16,35.48,5.75,0.2,10.6000,10.1000,12.5600,9.7200
$500 NBA Daily 8/11,2020-08-11T21:29:40.282587,estk_206d343c14c4d5484e6934614546f665,evt_206d343c14c4d548,Ja Morant,NBA,28.79,33.78,10.75,0.2,9.4800,6.3900,10.2400,7.7900
$500 NBA Daily 8/11,2020-08-11T21:29:40.282592,estk_206d343c14c4d5488d1c1ad7764c997b,evt_206d343c14c4d548,Jonas Valanciunas,NBA,29.59,32.92,9.25,0.2,8.9800,8.5800,10.6600,8.1000
$500 NBA Daily 8/11,2020-08-11T21:29:40.282596,estk_206d343c14c4d548a9edb859d18234d0,evt_206d343c14c4d548,Kemba Walker,NBA,31.69,32.1,6.75,0.2,8.6600,7.5600,10.4600,7.7200
$500 NBA Daily 8/11,2020-08-11T21:29:40.282600,estk_206d343c14c4d5484b8c495d9fa8db90,evt_206d343c14c4d548,Jaylen Brown,NBA,32.13,29.95,4.25,0.2,7.5300,7.7300,9.4100,6.7100
$500 NBA Daily 8/11,2020-08-11T21:29:40.282608,estk_206d343c14c4d548f7c5bbc448149f99,evt_206d343c14c4d548,Gordon Hayward,NBA,34.38,30.75,3.25,0.2,6.5600,10.9900,8.1900,5.5500
$500 NBA Daily 8/11,2020-08-11T21:29:40.282648,estk_206d343c14c4d548201a5680f9441b5c,evt_206d343c14c4d548,Daniel Theis,NBA,23.44,23.75,5,0.2,4.7700,4.4400,6.5000,3.3000
$500 NBA Daily 8/11,2020-08-11T21:29:40.282655,estk_206d343c14c4d548d6171dfea381a48f,evt_206d343c14c4d548,Brandon Clarke,NBA,25.64,22.01,1.5,0.2,4.1400,5.1700,5.8500,3.4100
$500 NBA Daily 8/11,2020-08-11T21:29:40.282667,estk_206d343c14c4d548049fe8ca7bf97ec4,evt_206d343c14c4d548,Marcus Smart,NBA,25.68,22.04,1.5,0.2,3.8000,5.5900,5.5900,2.7100
$500 NBA Daily 8/11,2020-08-11T21:29:40.282684,estk_206d343c14c4d548af7276ad9c2ac994,evt_206d343c14c4d548,Dillon Brooks,NBA,25.02,18.02,-2,0.2,3.1200,4.9300,5.1000,1.9800
$500 NBA Daily 8/11,2020-08-11T21:29:40.282692,estk_206d343c14c4d5483ca2dc749cee3306,evt_206d343c14c4d548,Grayson Allen,NBA,17.43,17.94,4,0.2,3.0500,4.6700,4.6700,1.5800
$500 NBA Daily 8/11,2020-08-11T21:29:40.282708,estk_206d343c14c4d548742e21c662c0c7b4,evt_206d343c14c4d548,Kyle Anderson,NBA,16.87,16.25,2.75,0.2,2.6500,2.8200,4.4200,1.4900
$500 NBA Daily 8/11,2020-08-11T21:29:40.282715,estk_206d343c14c4d548df5b076d451d97be,evt_206d343c14c4d548,De'Anthony Melton,NBA,15.88,12.95,0.25,0.2,1.9500,3.6800,3.4900,1.1400
$500 NBA Daily 8/11,2020-08-11T21:29:40.282719,estk_206d343c14c4d54841d6aa90727d2144,evt_206d343c14c4d548,Brad Wanamaker,NBA,13.98,11.18,0,0.2,1.7900,3.9100,3.4000,
$500 NBA Daily 8/11,2020-08-11T21:29:40.282723,estk_206d343c14c4d5482d6f8355da37442f,evt_206d343c14c4d548,Enes Kanter,NBA,6.95,10.31,4.75,0.2,1.5800,1.6000,3.0700,
$500 NBA Daily 8/11,2020-08-11T21:33:45.062534,estk_206d343c14c4d548da4bddbbc347c31f,evt_206d343c14c4d548,Jayson Tatum,NBA,37.16,35.11,5.75,0.21,10.0100,10.1000,11.7500,8.8900
$500 NBA Daily 8/11,2020-08-11T21:33:45.062540,estk_206d343c14c4d5484e6934614546f665,evt_206d343c14c4d548,Ja Morant,NBA,28.79,33.49,10.75,0.21,9.1000,6.3900,11.1700,7.7900
$500 NBA Daily 8/11,2020-08-11T21:33:45.062544,estk_206d343c14c4d5488d1c1ad7764c997b,evt_206d343c14c4d548,Jonas Valanciunas,NBA,29.59,32.63,9.25,0.21,8.5100,8.5800,10.2200,7.3000
$500 NBA Daily 8/11,2020-08-11T21:33:45.062549,estk_206d343c14c4d548a9edb859d18234d0,evt_206d343c14c4d548,Kemba Walker,NBA,31.69,31.79,6.75,0.21,8.2100,7.5600,9.9000,7.1500
$500 NBA Daily 8/11,2020-08-11T21:33:45.062553,estk_206d343c14c4d548f7c5bbc448149f99,evt_206d343c14c4d548,Gordon Hayward,NBA,34.38,30.41,3.25,0.21,7.4800,10.9900,9.2000,5.5500
$500 NBA Daily 8/11,2020-08-11T21:33:45.062561,estk_206d343c14c4d5484b8c495d9fa8db90,evt_206d343c14c4d548,Jaylen Brown,NBA,32.13,30.88,5.5,0.21,7.1100,7.7300,8.8300,6.1000
$500 NBA Daily 8/11,2020-08-11T21:33:45.062591,estk_206d343c14c4d548049fe8ca7bf97ec4,evt_206d343c14c4d548,Marcus Smart,NBA,25.68,26.29,6,0.21,5.1900,5.5900,6.7800,3.5800
$500 NBA Daily 8/11,2020-08-11T21:33:45.062610,estk_206d343c14c4d548201a5680f9441b5c,evt_206d343c14c4d548,Daniel Theis,NBA,23.44,23.52,5,0.21,4.5400,4.4400,6.5000,3.3000
$500 NBA Daily 8/11,2020-08-11T21:33:45.062625,estk_206d343c14c4d548d6171dfea381a48f,evt_206d343c14c4d548,Brandon Clarke,NBA,25.64,21.26,1,0.21,3.9800,5.1700,5.8500,3.1200
$500 NBA Daily 8/11,2020-08-11T21:33:45.062647,estk_206d343c14c4d548af7276ad9c2ac994,evt_206d343c14c4d548,Dillon Brooks,NBA,25.02,17.77,-2,0.21,2.8900,4.9300,4.4500,1.9800
$500 NBA Daily 8/11,2020-08-11T21:33:45.062651,estk_206d343c14c4d5483ca2dc749cee3306,evt_206d343c14c4d548,Grayson Allen,NBA,17.43,17.77,4,0.21,2.8800,4.6700,4.6100,1.5800
$500 NBA Daily 8/11,2020-08-11T21:33:45.062663,estk_206d343c14c4d548742e21c662c0c7b4,evt_206d343c14c4d548,Kyle Anderson,NBA,16.87,16.08,2.75,0.21,2.5300,2.8200,4.4200,1.4900
$500 NBA Daily 8/11,2020-08-11T21:33:45.062671,estk_206d343c14c4d548df5b076d451d97be,evt_206d343c14c4d548,De'Anthony Melton,NBA,15.88,12.8,0.25,0.21,1.9500,3.6800,3.4900,1.1400
$500 NBA Daily 8/11,2020-08-11T21:33:45.062676,estk_206d343c14c4d54841d6aa90727d2144,evt_206d343c14c4d548,Brad Wanamaker,NBA,13.98,12.54,1.5,0.21,1.9300,3.9100,3.4000,
$500 NBA Daily 8/11,2020-08-11T21:33:45.062679,estk_206d343c14c4d5482d6f8355da37442f,evt_206d343c14c4d548,Enes Kanter,NBA,6.95,9.49,4,0.21,1.6400,1.6000,3.0700,
$500 NBA Daily 8/11,2020-08-11T21:34:46.455235,estk_206d343c14c4d548da4bddbbc347c31f,evt_206d343c14c4d548,Jayson Tatum,NBA,37.16,34.73,5.75,0.22,9.8400,10.1000,11.7500,8.8900
$500 NBA Daily 8/11,2020-08-11T21:34:46.455241,estk_206d343c14c4d5484e6934614546f665,evt_206d343c14c4d548,Ja Morant,NBA,28.79,33.21,10.75,0.22,8.9200,6.3900,10.6000,7.7900
$500 NBA Daily 8/11,2020-08-11T21:34:46.455245,estk_206d343c14c4d5488d1c1ad7764c997b,evt_206d343c14c4d548,Jonas Valanciunas,NBA,29.59,32.33,9.25,0.22,8.4700,8.5800,10.1400,7.3000
$500 NBA Daily 8/11,2020-08-11T21:34:46.455249,estk_206d343c14c4d548a9edb859d18234d0,evt_206d343c14c4d548,Kemba Walker,NBA,31.69,31.47,6.75,0.22,8.1000,7.5600,9.9000,7.1500
$500 NBA Daily 8/11,2020-08-11T21:34:46.455253,estk_206d343c14c4d5484b8c495d9fa8db90,evt_206d343c14c4d548,Jaylen Brown,NBA,32.13,30.56,5.5,0.22,7.5400,7.7300,8.8300,6.1000
$500 NBA Daily 8/11,2020-08-11T21:34:46.455258,estk_206d343c14c4d548f7c5bbc448149f99,evt_206d343c14c4d548,Gordon Hayward,NBA,34.38,30.07,3.25,0.22,7.3000,10.9900,9.2000,5.6500
$500 NBA Daily 8/11,2020-08-11T21:34:46.455280,estk_206d343c14c4d548049fe8ca7bf97ec4,evt_206d343c14c4d548,Marcus Smart,NBA,25.68,26.03,6,0.22,5.4900,5.5900,6.7800,3.5800
$500 NBA Daily 8/11,2020-08-11T21:34:46.455305,estk_206d343c14c4d548201a5680f9441b5c,evt_206d343c14c4d548,Daniel Theis,NBA,23.44,23.28,5,0.22,4.4500,4.4400,6.5000,3.3000
$500 NBA Daily 8/11,2020-08-11T21:34:46.455320,estk_206d343c14c4d548d6171dfea381a48f,evt_206d343c14c4d548,Brandon Clarke,NBA,25.64,21,1,0.22,3.7400,5.1700,,2.8400
$500 NBA Daily 8/11,2020-08-11T21:34:46.455341,estk_206d343c14c4d548af7276ad9c2ac994,evt_206d343c14c4d548,Dillon Brooks,NBA,25.02,17.52,-2,0.22,2.8700,4.9300,4.4500,1.9800
$500 NBA Daily 8/11,2020-08-11T21:34:46.455344,estk_206d343c14c4d5483ca2dc749cee3306,evt_206d343c14c4d548,Grayson Allen,NBA,17.43,17.6,4,0.22,2.8400,4.6700,4.6100,1.5800
$500 NBA Daily 8/11,2020-08-11T21:34:46.455356,estk_206d343c14c4d548742e21c662c0c7b4,evt_206d343c14c4d548,Kyle Anderson,NBA,16.87,15.91,2.75,0.22,2.4800,2.8200,4.4200,1.4900
$500 NBA Daily 8/11,2020-08-11T21:34:46.455363,estk_206d343c14c4d548df5b076d451d97be,evt_206d343c14c4d548,De'Anthony Melton,NBA,15.88,13.39,1,0.22,1.9200,3.6800,3.4900,1.1400
$500 NBA Daily 8/11,2020-08-11T21:34:46.455367,estk_206d343c14c4d54841d6aa90727d2144,evt_206d343c14c4d548,Brad Wanamaker,NBA,13.98,12.4,1.5,0.22,1.9100,3.9100,3.4000,
$500 NBA Daily 8/11,2020-08-11T21:34:46.455371,estk_206d343c14c4d5482d6f8355da37442f,evt_206d343c14c4d548,Enes Kanter,NBA,6.95,8.92,3.5,0.22,1.5600,1.6000,3.0700,
$500 NBA Daily 8/11,2020-08-11T21:36:48.867282,estk_206d343c14c4d548da4bddbbc347c31f,evt_206d343c14c4d548,Jayson Tatum,NBA,37.16,34.99,6.75,0.24,9.7900,10.1000,11.7500,
$500 NBA Daily 8/11,2020-08-11T21:36:48.867287,estk_206d343c14c4d5484e6934614546f665,evt_206d343c14c4d548,Ja Morant,NBA,28.79,32.63,10.75,0.24,8.8600,6.3900,10.6000,7.7900
$500 NBA Daily 8/11,2020-08-11T21:36:48.867291,estk_206d343c14c4d5488d1c1ad7764c997b,evt_206d343c14c4d548,Jonas Valanciunas,NBA,29.59,31.74,9.25,0.24,8.4000,8.5800,10.1400,8.0900
$500 NBA Daily 8/11,2020-08-11T21:36:48.867296,estk_206d343c14c4d548a9edb859d18234d0,evt_206d343c14c4d548,Kemba Walker,NBA,31.69,30.83,6.75,0.24,7.9300,7.5600,9.9000,7.1500
$500 NBA Daily 8/11,2020-08-11T21:36:48.867300,estk_206d343c14c4d5484b8c495d9fa8db90,evt_206d343c14c4d548,Jaylen Brown,NBA,32.13,31.42,7,0.24,7.4600,7.7300,8.8300,6.1000
$500 NBA Daily 8/11,2020-08-11T21:36:48.867308,estk_206d343c14c4d548f7c5bbc448149f99,evt_206d343c14c4d548,Gordon Hayward,NBA,34.38,29.38,3.25,0.24,7.1900,10.9900,9.2000,5.6500
$500 NBA Daily 8/11,2020-08-11T21:36:48.867326,estk_206d343c14c4d548049fe8ca7bf97ec4,evt_206d343c14c4d548,Marcus Smart,NBA,25.68,25.52,6,0.24,5.4200,6.7800,6.7800,3.8000
$500 NBA Daily 8/11,2020-08-11T21:36:48.867351,estk_206d343c14c4d548201a5680f9441b5c,evt_206d343c14c4d548,Daniel Theis,NBA,23.44,22.81,5,0.24,4.4600,4.4400,6.0500,3.3000
$500 NBA Daily 8/11,2020-08-11T21:36:48.867366,estk_206d343c14c4d548d6171dfea381a48f,evt_206d343c14c4d548,Brandon Clarke,NBA,25.64,20.49,1,0.24,3.6800,5.1700,5.3100,2.8400
$500 NBA Daily 8/11,2020-08-11T21:36:48.867387,estk_206d343c14c4d5483ca2dc749cee3306,evt_206d343c14c4d548,Grayson Allen,NBA,17.43,16.75,3.5,0.24,2.8000,4.6700,4.6100,1.5800
$500 NBA Daily 8/11,2020-08-11T21:36:48.867398,estk_206d343c14c4d548af7276ad9c2ac994,evt_206d343c14c4d548,Dillon Brooks,NBA,25.02,17.02,-2,0.24,2.7700,4.9300,4.4500,1.7500
$500 NBA Daily 8/11,2020-08-11T21:36:48.867406,estk_206d343c14c4d548742e21c662c0c7b4,evt_206d343c14c4d548,Kyle Anderson,NBA,16.87,15.57,2.75,0.24,2.4600,2.8200,4.4200,1.4900
$500 NBA Daily 8/11,2020-08-11T21:36:48.867413,estk_206d343c14c4d548df5b076d451d97be,evt_206d343c14c4d548,De'Anthony Melton,NBA,15.88,16.57,4.5,0.24,2.0300,3.6800,3.4900,
$500 NBA Daily 8/11,2020-08-11T21:36:48.867418,estk_206d343c14c4d54841d6aa90727d2144,evt_206d343c14c4d548,Brad Wanamaker,NBA,13.98,12.12,1.5,0.24,1.8700,3.9100,3.4000,
$500 NBA Daily 8/11,2020-08-11T21:36:48.867421,estk_206d343c14c4d5482d6f8355da37442f,evt_206d343c14c4d548,Enes Kanter,NBA,6.95,10.78,5.5,0.24,1.5000,1.6000,3.0700,
$500 NBA Daily 8/11,2020-08-11T21:37:50.154744,estk_206d343c14c4d548da4bddbbc347c31f,evt_206d343c14c4d548,Jayson Tatum,NBA,37.16,36.62,8.75,0.25,9.8200,10.1000,11.7500,8.1200
$500 NBA Daily 8/11,2020-08-11T21:37:50.154749,estk_206d343c14c4d5484e6934614546f665,evt_206d343c14c4d548,Ja Morant,NBA,28.79,35.34,13.75,0.25,8.5300,6.3900,10.6000,7.3800
$500 NBA Daily 8/11,2020-08-11T21:37:50.154754,estk_206d343c14c4d5488d1c1ad7764c997b,evt_206d343c14c4d548,Jonas Valanciunas,NBA,29.59,31.44,9.25,0.25,8.1100,8.5800,10.1400,6.8800
$500 NBA Daily 8/11,2020-08-11T21:37:50.154758,estk_206d343c14c4d5484b8c495d9fa8db90,evt_206d343c14c4d548,Jaylen Brown,NBA,32.13,31.1,7,0.25,7.9200,7.7300,9.5800,6.2600
$500 NBA Daily 8/11,2020-08-11T21:37:50.154762,estk_206d343c14c4d548a9edb859d18234d0,evt_206d343c14c4d548,Kemba Walker,NBA,31.69,30.52,6.75,0.25,7.6800,7.5600,9.3300,6.4400
$500 NBA Daily 8/11,2020-08-11T21:37:50.154770,estk_206d343c14c4d548f7c5bbc448149f99,evt_206d343c14c4d548,Gordon Hayward,NBA,34.38,29.04,3.25,0.25,6.9600,10.9900,8.6000,5.6500
$500 NBA Daily 8/11,2020-08-11T21:37:50.154796,estk_206d343c14c4d548049fe8ca7bf97ec4,evt_206d343c14c4d548,Marcus Smart,NBA,25.68,26.76,7.5,0.25,5.2500,6.7800,6.7800,3.8000
$500 NBA Daily 8/11,2020-08-11T21:37:50.154821,estk_206d343c14c4d548201a5680f9441b5c,evt_206d343c14c4d548,Daniel Theis,NBA,23.44,22.58,5,0.25,4.2100,4.4400,5.7900,3.3000
$500 NBA Daily 8/11,2020-08-11T21:37:50.154832,estk_206d343c14c4d548d6171dfea381a48f,evt_206d343c14c4d548,Brandon Clarke,NBA,25.64,22.23,3,0.25,3.5200,5.3100,5.3100,2.6800
$500 NBA Daily 8/11,2020-08-11T21:37:50.154857,estk_206d343c14c4d548af7276ad9c2ac994,evt_206d343c14c4d548,Dillon Brooks,NBA,25.02,16.77,-2,0.25,2.6600,4.4500,4.4500,1.7500
$500 NBA Daily 8/11,2020-08-11T21:37:50.154861,estk_206d343c14c4d5483ca2dc749cee3306,evt_206d343c14c4d548,Grayson Allen,NBA,17.43,18.57,5.5,0.25,2.5900,4.6700,4.1400,1.5800
$500 NBA Daily 8/11,2020-08-11T21:37:50.154864,estk_206d343c14c4d548df5b076d451d97be,evt_206d343c14c4d548,De'Anthony Melton,NBA,15.88,16.41,4.5,0.25,2.5600,3.4900,3.6800,1.0100
$500 NBA Daily 8/11,2020-08-11T21:37:50.154868,estk_206d343c14c4d548742e21c662c0c7b4,evt_206d343c14c4d548,Kyle Anderson,NBA,16.87,15.4,2.75,0.25,2.3600,2.8200,3.9100,1.4900
$500 NBA Daily 8/11,2020-08-11T21:37:50.154876,estk_206d343c14c4d54841d6aa90727d2144,evt_206d343c14c4d548,Brad Wanamaker,NBA,13.98,11.98,1.5,0.25,1.8200,3.9100,3.4000,
$500 NBA Daily 8/11,2020-08-11T21:37:50.154880,estk_206d343c14c4d5482d6f8355da37442f,evt_206d343c14c4d548,Enes Kanter,NBA,6.95,12.71,7.5,0.25,1.6500,3.0700,3.0700,
$500 NBA Daily 8/11,2020-08-11T21:42:56.267339,estk_206d343c14c4d548da4bddbbc347c31f,evt_206d343c14c4d548,Jayson Tatum,NBA,37.16,40.51,13.75,0.28,10.7600,10.1000,12.4000,8.9800
$500 NBA Daily 8/11,2020-08-11T21:42:56.267350,estk_206d343c14c4d5484e6934614546f665,evt_206d343c14c4d548,Ja Morant,NBA,28.79,34.48,13.75,0.28,9.9900,6.3900,11.6400,8.2700
$500 NBA Daily 8/11,2020-08-11T21:42:56.267354,estk_206d343c14c4d5488d1c1ad7764c997b,evt_206d343c14c4d548,Jonas Valanciunas,NBA,29.59,31.3,10,0.28,7.7900,8.5800,9.4400,6.8000
$500 NBA Daily 8/11,2020-08-11T21:42:56.267360,estk_206d343c14c4d5484b8c495d9fa8db90,evt_206d343c14c4d548,Jaylen Brown,NBA,32.13,30.13,7,0.28,7.6200,7.7300,9.2700,6.2600
$500 NBA Daily 8/11,2020-08-11T21:42:56.267365,estk_206d343c14c4d548a9edb859d18234d0,evt_206d343c14c4d548,Kemba Walker,NBA,31.69,29.57,6.75,0.28,7.3700,7.5600,8.9200,6.2700
$500 NBA Daily 8/11,2020-08-11T21:42:56.267373,estk_206d343c14c4d548f7c5bbc448149f99,evt_206d343c14c4d548,Gordon Hayward,NBA,34.38,28,3.25,0.28,6.5900,10.9900,8.2700,5.6500
$500 NBA Daily 8/11,2020-08-11T21:42:56.267388,estk_206d343c14c4d548049fe8ca7bf97ec4,evt_206d343c14c4d548,Marcus Smart,NBA,25.68,26.74,8.25,0.28,5.6000,6.7800,6.7800,3.8000
$500 NBA Daily 8/11,2020-08-11T21:42:56.267424,estk_206d343c14c4d548201a5680f9441b5c,evt_206d343c14c4d548,Daniel Theis,NBA,23.44,21.88,5,0.28,4.0400,4.4400,5.6400,3.1700
$500 NBA Daily 8/11,2020-08-11T21:42:56.267431,estk_206d343c14c4d548d6171dfea381a48f,evt_206d343c14c4d548,Brandon Clarke,NBA,25.64,21.46,3,0.28,3.9900,5.0900,5.3100,2.6800
$500 NBA Daily 8/11,2020-08-11T21:42:56.267453,estk_206d343c14c4d5483ca2dc749cee3306,evt_206d343c14c4d548,Grayson Allen,NBA,17.43,18.3,5.75,0.28,2.9500,4.6700,4.1400,1.5800
$500 NBA Daily 8/11,2020-08-11T21:42:56.267464,estk_206d343c14c4d548af7276ad9c2ac994,evt_206d343c14c4d548,Dillon Brooks,NBA,25.02,16.01,-2,0.28,2.5300,4.4500,4.1000,1.6200
$500 NBA Daily 8/11,2020-08-11T21:42:56.267468,estk_206d343c14c4d548df5b076d451d97be,evt_206d343c14c4d548,De'Anthony Melton,NBA,15.88,15.43,4,0.28,2.4700,3.6800,3.6800,1.0100
$500 NBA Daily 8/11,2020-08-11T21:42:56.267472,estk_206d343c14c4d548742e21c662c0c7b4,evt_206d343c14c4d548,Kyle Anderson,NBA,16.87,16.15,4,0.28,2.3000,3.8200,3.8200,1.4100
$500 NBA Daily 8/11,2020-08-11T21:42:56.267479,estk_206d343c14c4d5482d6f8355da37442f,evt_206d343c14c4d548,Enes Kanter,NBA,6.95,12.5,7.5,0.28,1.8600,3.0700,3.0700,
$500 NBA Daily 8/11,2020-08-11T21:42:56.267483,estk_206d343c14c4d54841d6aa90727d2144,evt_206d343c14c4d548,Brad Wanamaker,NBA,13.98,13.07,3,0.28,1.7800,3.9100,3.4000,
$500 NBA Daily 8/11,2020-08-11T21:47:01.482158,estk_206d343c14c4d548da4bddbbc347c31f,evt_206d343c14c4d548,Jayson Tatum,NBA,37.16,40.13,13.75,0.29,13.0600,10.1000,14.8600,11.3500
$500 NBA Daily 8/11,2020-08-11T21:47:01.482169,estk_206d343c14c4d5484e6934614546f665,evt_206d343c14c4d548,Ja Morant,NBA,28.79,34.19,13.75,0.29,9.4300,6.3900,11.1000,8.2700
$500 NBA Daily 8/11,2020-08-11T21:47:01.482174,estk_206d343c14c4d5488d1c1ad7764c997b,evt_206d343c14c4d548,Jonas Valanciunas,NBA,29.59,31.01,10,0.29,7.7000,8.5800,9.4400,6.7300
$500 NBA Daily 8/11,2020-08-11T21:47:01.482181,estk_206d343c14c4d5484b8c495d9fa8db90,evt_206d343c14c4d548,Jaylen Brown,NBA,32.13,29.81,7,0.29,7.1500,7.7300,8.7600,6.1000
$500 NBA Daily 8/11,2020-08-11T21:47:01.482186,estk_206d343c14c4d548a9edb859d18234d0,evt_206d343c14c4d548,Kemba Walker,NBA,31.69,29.25,6.75,0.29,6.8800,7.5600,8.5200,5.6300
$500 NBA Daily 8/11,2020-08-11T21:47:01.482194,estk_206d343c14c4d548f7c5bbc448149f99,evt_206d343c14c4d548,Gordon Hayward,NBA,34.38,27.66,3.25,0.29,6.2000,10.9900,7.7400,4.9700
$500 NBA Daily 8/11,2020-08-11T21:47:01.482205,estk_206d343c14c4d548049fe8ca7bf97ec4,evt_206d343c14c4d548,Marcus Smart,NBA,25.68,26.48,8.25,0.29,5.5900,6.7800,6.7800,3.8000
$500 NBA Daily 8/11,2020-08-11T21:47:01.482245,estk_206d343c14c4d548201a5680f9441b5c,evt_206d343c14c4d548,Daniel Theis,NBA,23.44,21.64,5,0.29,3.8000,4.4400,5.3700,2.8600
$500 NBA Daily 8/11,2020-08-11T21:47:01.482249,estk_206d343c14c4d548d6171dfea381a48f,evt_206d343c14c4d548,Brandon Clarke,NBA,25.64,21.2,3,0.29,3.6800,5.3100,5.2900,2.6800
$500 NBA Daily 8/11,2020-08-11T21:47:01.482269,estk_206d343c14c4d5483ca2dc749cee3306,evt_206d343c14c4d548,Grayson Allen,NBA,17.43,20.13,7.75,0.29,2.8700,4.6700,4.1400,1.5800
$500 NBA Daily 8/11,2020-08-11T21:47:01.482281,estk_206d343c14c4d548742e21c662c0c7b4,evt_206d343c14c4d548,Kyle Anderson,NBA,16.87,15.98,4,0.29,2.3900,3.8200,3.8200,1.4100
$500 NBA Daily 8/11,2020-08-11T21:47:01.482285,estk_206d343c14c4d548af7276ad9c2ac994,evt_206d343c14c4d548,Dillon Brooks,NBA,25.02,15.26,-2.5,0.29,2.3700,4.4500,3.9100,1.5600
$500 NBA Daily 8/11,2020-08-11T21:47:01.482288,estk_206d343c14c4d548df5b076d451d97be,evt_206d343c14c4d548,De'Anthony Melton,NBA,15.88,13.27,2,0.29,2.2300,3.6800,3.6800,1.0100
$500 NBA Daily 8/11,2020-08-11T21:47:01.482296,estk_206d343c14c4d54841d6aa90727d2144,evt_206d343c14c4d548,Brad Wanamaker,NBA,13.98,14.18,4.25,0.29,1.8800,3.4000,3.4000,
$500 NBA Daily 8/11,2020-08-11T21:47:01.482300,estk_206d343c14c4d5482d6f8355da37442f,evt_206d343c14c4d548,Enes Kanter,NBA,6.95,12.43,7.5,0.29,1.8300,3.0700,3.0700,
$500 NBA Daily 8/11,2020-08-11T21:51:06.459784,estk_206d343c14c4d548da4bddbbc347c31f,evt_206d343c14c4d548,Jayson Tatum,NBA,37.16,42.39,16.75,0.31,14.2600,10.1000,14.8600,
$500 NBA Daily 8/11,2020-08-11T21:51:06.459795,estk_206d343c14c4d5484e6934614546f665,evt_206d343c14c4d548,Ja Morant,NBA,28.79,33.62,13.75,0.31,8.9700,6.3900,11.1000,7.7900
$500 NBA Daily 8/11,2020-08-11T21:51:06.459800,estk_206d343c14c4d5484b8c495d9fa8db90,evt_206d343c14c4d548,Jaylen Brown,NBA,32.13,31.92,9.75,0.31,7.9700,7.7300,8.7600,6.0200
$500 NBA Daily 8/11,2020-08-11T21:51:06.459804,estk_206d343c14c4d5488d1c1ad7764c997b,evt_206d343c14c4d548,Jonas Valanciunas,NBA,29.59,31.67,11.25,0.31,7.9400,8.5800,9.4400,6.1200
$500 NBA Daily 8/11,2020-08-11T21:51:06.459816,estk_206d343c14c4d548a9edb859d18234d0,evt_206d343c14c4d548,Kemba Walker,NBA,31.69,28.62,6.75,0.31,6.4000,7.5600,8.3600,5.6300
$500 NBA Daily 8/11,2020-08-11T21:51:06.459827,estk_206d343c14c4d548f7c5bbc448149f99,evt_206d343c14c4d548,Gordon Hayward,NBA,34.38,26.97,3.25,0.31,5.6200,10.9900,7.7400,4.9700
$500 NBA Daily 8/11,2020-08-11T21:51:06.459842,estk_206d343c14c4d548049fe8ca7bf97ec4,evt_206d343c14c4d548,Marcus Smart,NBA,25.68,25.97,8.25,0.31,5.2900,6.7800,6.7800,3.8700
$500 NBA Daily 8/11,2020-08-11T21:51:06.459871,estk_206d343c14c4d548201a5680f9441b5c,evt_206d343c14c4d548,Daniel Theis,NBA,23.44,21.17,5,0.31,3.5800,5.3700,5.3700,2.8600
$500 NBA Daily 8/11,2020-08-11T21:51:06.459882,estk_206d343c14c4d548d6171dfea381a48f,evt_206d343c14c4d548,Brandon Clarke,NBA,25.64,20.69,3,0.31,3.4400,5.3100,5.2900,2.6800
$500 NBA Daily 8/11,2020-08-11T21:51:06.459896,estk_206d343c14c4d5483ca2dc749cee3306,evt_206d343c14c4d548,Grayson Allen,NBA,17.43,19.28,7.25,0.31,3.0200,4.6700,4.4800,1.5800
$500 NBA Daily 8/11,2020-08-11T21:51:06.459907,estk_206d343c14c4d548742e21c662c0c7b4,evt_206d343c14c4d548,Kyle Anderson,NBA,16.87,15.64,4,0.31,2.2800,3.8200,3.8200,1.4100
$500 NBA Daily 8/11,2020-08-11T21:51:06.459911,estk_206d343c14c4d54841d6aa90727d2144,evt_206d343c14c4d548,Brad Wanamaker,NBA,13.98,14.9,5.25,0.31,2.1600,3.4000,3.4000,
$500 NBA Daily 8/11,2020-08-11T21:51:06.459915,estk_206d343c14c4d548af7276ad9c2ac994,evt_206d343c14c4d548,Dillon Brooks,NBA,25.02,14.76,-2.5,0.31,2.1300,4.4500,3.9100,1.3100
$500 NBA Daily 8/11,2020-08-11T21:51:06.459922,estk_206d343c14c4d548df5b076d451d97be,evt_206d343c14c4d548,De'Anthony Melton,NBA,15.88,12.96,2,0.31,1.8400,3.6800,3.4600,1.0100
$500 NBA Daily 8/11,2020-08-11T21:51:06.459926,estk_206d343c14c4d5482d6f8355da37442f,evt_206d343c14c4d548,Enes Kanter,NBA,6.95,12.3,7.5,0.31,1.7500,3.0700,3.0700,
$500 NBA Daily 8/11,2020-08-11T21:55:10.939354,estk_206d343c14c4d548da4bddbbc347c31f,evt_206d343c14c4d548,Jayson Tatum,NBA,37.16,43.15,18.25,0.33,14.2600,10.1000,16.0500,12.5700
$500 NBA Daily 8/11,2020-08-11T21:55:10.939365,estk_206d343c14c4d5484e6934614546f665,evt_206d343c14c4d548,Ja Morant,NBA,28.79,35.79,16.5,0.33,8.9700,6.3900,10.5900,7.7900
$500 NBA Daily 8/11,2020-08-11T21:55:10.939369,estk_206d343c14c4d5484b8c495d9fa8db90,evt_206d343c14c4d548,Jaylen Brown,NBA,32.13,30.78,9.25,0.33,7.9400,9.7000,9.7000,6.0200
$500 NBA Daily 8/11,2020-08-11T21:55:10.939373,estk_206d343c14c4d5488d1c1ad7764c997b,evt_206d343c14c4d548,Jonas Valanciunas,NBA,29.59,33.08,13.25,0.33,7.8900,9.4400,9.4400,6.2300
$500 NBA Daily 8/11,2020-08-11T21:55:10.939385,estk_206d343c14c4d548a9edb859d18234d0,evt_206d343c14c4d548,Kemba Walker,NBA,31.69,27.98,6.75,0.33,6.4000,7.5600,7.9800,5.2700
$500 NBA Daily 8/11,2020-08-11T21:55:10.939400,estk_206d343c14c4d548f7c5bbc448149f99,evt_206d343c14c4d548,Gordon Hayward,NBA,34.38,26.28,3.25,0.33,5.6300,10.9900,7.2300,4.5100
$500 NBA Daily 8/11,2020-08-11T21:55:10.939411,estk_206d343c14c4d548049fe8ca7bf97ec4,evt_206d343c14c4d548,Marcus Smart,NBA,25.68,27.46,10.25,0.33,5.2800,6.7800,6.7800,3.8000
$500 NBA Daily 8/11,2020-08-11T21:55:10.939441,estk_206d343c14c4d548201a5680f9441b5c,evt_206d343c14c4d548,Daniel Theis,NBA,23.44,20.7,5,0.33,3.5700,5.3700,5.1300,2.4900
$500 NBA Daily 8/11,2020-08-11T21:55:10.939452,estk_206d343c14c4d548d6171dfea381a48f,evt_206d343c14c4d548,Brandon Clarke,NBA,25.64,20.18,3,0.33,3.4000,5.0100,5.0200,2.5600
$500 NBA Daily 8/11,2020-08-11T21:55:10.939466,estk_206d343c14c4d5483ca2dc749cee3306,evt_206d343c14c4d548,Grayson Allen,NBA,17.43,18.93,7.25,0.33,3.0500,4.6700,4.4800,1.4900
$500 NBA Daily 8/11,2020-08-11T21:55:10.939477,estk_206d343c14c4d548742e21c662c0c7b4,evt_206d343c14c4d548,Kyle Anderson,NBA,16.87,15.3,4,0.33,2.2700,3.8200,3.8200,1.4100
$500 NBA Daily 8/11,2020-08-11T21:55:10.939481,estk_206d343c14c4d54841d6aa90727d2144,evt_206d343c14c4d548,Brad Wanamaker,NBA,13.98,14.62,5.25,0.33,2.1600,3.4000,3.4000,
$500 NBA Daily 8/11,2020-08-11T21:55:10.939485,estk_206d343c14c4d548af7276ad9c2ac994,evt_206d343c14c4d548,Dillon Brooks,NBA,25.02,16.26,-0.5,0.33,2.1100,4.4500,3.9100,
$500 NBA Daily 8/11,2020-08-11T21:55:10.939492,estk_206d343c14c4d548df5b076d451d97be,evt_206d343c14c4d548,De'Anthony Melton,NBA,15.88,12.64,2,0.33,1.8400,3.4600,3.4000,1.0100
$500 NBA Daily 8/11,2020-08-11T21:55:10.939496,estk_206d343c14c4d5482d6f8355da37442f,evt_206d343c14c4d548,Enes Kanter,NBA,6.95,12.16,7.5,0.33,1.7600,3.0700,3.0700,
$500 NBA Daily 8/11,2020-08-11T21:56:12.315302,estk_206d343c14c4d548da4bddbbc347c31f,evt_206d343c14c4d548,Jayson Tatum,NBA,37.16,42.78,18.25,0.34,14.4700,10.1000,16.0500,12.5700
$500 NBA Daily 8/11,2020-08-11T21:56:12.315313,estk_206d343c14c4d5484e6934614546f665,evt_206d343c14c4d548,Ja Morant,NBA,28.79,35,16,0.34,9.6200,6.3900,10.5900,7.9300
$500 NBA Daily 8/11,2020-08-11T21:56:12.315318,estk_206d343c14c4d5484b8c495d9fa8db90,evt_206d343c14c4d548,Jaylen Brown,NBA,32.13,33.96,12.75,0.34,8.9800,9.7000,9.7000,
$500 NBA Daily 8/11,2020-08-11T21:56:12.315321,estk_206d343c14c4d5488d1c1ad7764c997b,evt_206d343c14c4d548,Jonas Valanciunas,NBA,29.59,32.78,13.25,0.34,8.3000,9.4400,9.4400,6.6300
$500 NBA Daily 8/11,2020-08-11T21:56:12.315333,estk_206d343c14c4d548a9edb859d18234d0,evt_206d343c14c4d548,Kemba Walker,NBA,31.69,27.67,6.75,0.34,5.8400,7.5600,7.9800,4.7700
$500 NBA Daily 8/11,2020-08-11T21:56:12.315340,estk_206d343c14c4d548049fe8ca7bf97ec4,evt_206d343c14c4d548,Marcus Smart,NBA,25.68,27.2,10.25,0.34,5.6700,6.7800,6.8200,3.8000
$500 NBA Daily 8/11,2020-08-11T21:56:12.315366,estk_206d343c14c4d548f7c5bbc448149f99,evt_206d343c14c4d548,Gordon Hayward,NBA,34.38,25.94,3.25,0.34,5.1400,10.9900,7.2300,4.0900
$500 NBA Daily 8/11,2020-08-11T21:56:12.315398,estk_206d343c14c4d548201a5680f9441b5c,evt_206d343c14c4d548,Daniel Theis,NBA,23.44,20.47,5,0.34,3.3000,5.3700,5.1300,2.4800
$500 NBA Daily 8/11,2020-08-11T21:56:12.315402,estk_206d343c14c4d548d6171dfea381a48f,evt_206d343c14c4d548,Brandon Clarke,NBA,25.64,19.92,3,0.34,3.1300,5.0100,5.0200,2.1700
$500 NBA Daily 8/11,2020-08-11T21:56:12.315413,estk_206d343c14c4d5483ca2dc749cee3306,evt_206d343c14c4d548,Grayson Allen,NBA,17.43,18.75,7.25,0.34,2.8200,4.6700,4.4800,1.4900
$500 NBA Daily 8/11,2020-08-11T21:56:12.315424,estk_206d343c14c4d54841d6aa90727d2144,evt_206d343c14c4d548,Brad Wanamaker,NBA,13.98,17.98,8.75,0.34,2.6600,3.4000,,1.1100
$500 NBA Daily 8/11,2020-08-11T21:56:12.315428,estk_206d343c14c4d548af7276ad9c2ac994,evt_206d343c14c4d548,Dillon Brooks,NBA,25.02,16.01,-0.5,0.34,2.2800,4.4500,3.9100,
$500 NBA Daily 8/11,2020-08-11T21:56:12.315431,estk_206d343c14c4d548742e21c662c0c7b4,evt_206d343c14c4d548,Kyle Anderson,NBA,16.87,15.13,4,0.34,2.1200,3.8200,3.8200,1.4100
$500 NBA Daily 8/11,2020-08-11T21:56:12.315439,estk_206d343c14c4d548df5b076d451d97be,evt_206d343c14c4d548,De'Anthony Melton,NBA,15.88,12.48,2,0.34,1.7400,3.4000,3.6800,
$500 NBA Daily 8/11,2020-08-11T21:56:12.315443,estk_206d343c14c4d5482d6f8355da37442f,evt_206d343c14c4d548,Enes Kanter,NBA,6.95,12.09,7.5,0.34,1.7200,3.0700,3.0700,
$500 NBA Daily 8/11,2020-08-11T21:57:13.542483,estk_206d343c14c4d548da4bddbbc347c31f,evt_206d343c14c4d548,Jayson Tatum,NBA,37.16,43.65,19.5,0.35,14.9900,10.1000,16.0500,12.5700
$500 NBA Daily 8/11,2020-08-11T21:57:13.542494,estk_206d343c14c4d5484e6934614546f665,evt_206d343c14c4d548,Ja Morant,NBA,28.79,34.71,16,0.35,9.4200,6.3900,11.2500,7.9300
$500 NBA Daily 8/11,2020-08-11T21:57:13.542498,estk_206d343c14c4d5484b8c495d9fa8db90,evt_206d343c14c4d548,Jaylen Brown,NBA,32.13,33.63,12.75,0.35,8.8600,9.7000,10.6600,7.3000
$500 NBA Daily 8/11,2020-08-11T21:57:13.542502,estk_206d343c14c4d5488d1c1ad7764c997b,evt_206d343c14c4d548,Jonas Valanciunas,NBA,29.59,32.48,13.25,0.35,8.2200,9.4400,9.5500,6.6300
$500 NBA Daily 8/11,2020-08-11T21:57:13.542518,estk_206d343c14c4d548a9edb859d18234d0,evt_206d343c14c4d548,Kemba Walker,NBA,31.69,27.35,6.75,0.35,5.7400,7.5600,7.4500,4.7700
$500 NBA Daily 8/11,2020-08-11T21:57:13.542525,estk_206d343c14c4d548049fe8ca7bf97ec4,evt_206d343c14c4d548,Marcus Smart,NBA,25.68,26.94,10.25,0.35,5.5800,6.7800,6.8200,3.8000
$500 NBA Daily 8/11,2020-08-11T21:57:13.542555,estk_206d343c14c4d548f7c5bbc448149f99,evt_206d343c14c4d548,Gordon Hayward,NBA,34.38,25.6,3.25,0.35,5.0100,6.7400,6.7400,4.0900
$500 NBA Daily 8/11,2020-08-11T21:57:13.542580,estk_206d343c14c4d548201a5680f9441b5c,evt_206d343c14c4d548,Daniel Theis,NBA,23.44,20.24,5,0.35,3.2400,5.3700,4.8700,1.7400
$500 NBA Daily 8/11,2020-08-11T21:57:13.542591,estk_206d343c14c4d548d6171dfea381a48f,evt_206d343c14c4d548,Brandon Clarke,NBA,25.64,19.67,3,0.35,3.0700,4.6900,4.6900,2.1700
$500 NBA Daily 8/11,2020-08-11T21:57:13.542595,estk_206d343c14c4d5483ca2dc749cee3306,evt_206d343c14c4d548,Grayson Allen,NBA,17.43,18.58,7.25,0.35,2.8200,4.6700,4.3800,1.4900
$500 NBA Daily 8/11,2020-08-11T21:57:13.542606,estk_206d343c14c4d54841d6aa90727d2144,evt_206d343c14c4d548,Brad Wanamaker,NBA,13.98,17.84,8.75,0.35,2.6500,3.4000,4.2100,1.1100
$500 NBA Daily 8/11,2020-08-11T21:57:13.542610,estk_206d343c14c4d548af7276ad9c2ac994,evt_206d343c14c4d548,Dillon Brooks,NBA,25.02,15.76,-0.5,0.35,2.2300,3.9100,3.8200,
$500 NBA Daily 8/11,2020-08-11T21:57:13.542617,estk_206d343c14c4d548742e21c662c0c7b4,evt_206d343c14c4d548,Kyle Anderson,NBA,16.87,14.47,3.5,0.35,2.0100,3.8200,3.6600,1.2900
$500 NBA Daily 8/11,2020-08-11T21:57:13.542621,estk_206d343c14c4d548df5b076d451d97be,evt_206d343c14c4d548,De'Anthony Melton,NBA,15.88,12.32,2,0.35,1.7200,3.4000,3.2700,
$500 NBA Daily 8/11,2020-08-11T21:57:13.542625,estk_206d343c14c4d5482d6f8355da37442f,evt_206d343c14c4d548,Enes Kanter,NBA,6.95,12.02,7.5,0.35,1.6700,3.0700,3.0700,
$500 NBA Daily 8/11,2020-08-11T21:59:15.938693,estk_206d343c14c4d548da4bddbbc347c31f,evt_206d343c14c4d548,Jayson Tatum,NBA,37.16,44.91,21.5,0.37,15.7300,10.1000,16.7900,12.5700
$500 NBA Daily 8/11,2020-08-11T21:59:15.938704,estk_206d343c14c4d5484e6934614546f665,evt_206d343c14c4d548,Ja Morant,NBA,28.79,34.14,16,0.37,9.1300,6.3900,11.2500,7.9300
$500 NBA Daily 8/11,2020-08-11T21:59:15.938709,estk_206d343c14c4d5484b8c495d9fa8db90,evt_206d343c14c4d548,Jaylen Brown,NBA,32.13,32.99,12.75,0.37,8.5100,9.7000,10.6600,7.3000
$500 NBA Daily 8/11,2020-08-11T21:59:15.938712,estk_206d343c14c4d5488d1c1ad7764c997b,evt_206d343c14c4d548,Jonas Valanciunas,NBA,29.59,32.89,14.25,0.37,8.3700,9.4400,9.5500,6.6300
$500 NBA Daily 8/11,2020-08-11T21:59:15.938725,estk_206d343c14c4d548a9edb859d18234d0,evt_206d343c14c4d548,Kemba Walker,NBA,31.69,28.21,8.25,0.37,6.0600,7.5600,7.4500,4.7700
$500 NBA Daily 8/11,2020-08-11T21:59:15.938743,estk_206d343c14c4d548049fe8ca7bf97ec4,evt_206d343c14c4d548,Marcus Smart,NBA,25.68,26.43,10.25,0.37,5.3000,6.7800,6.8200,3.8000
$500 NBA Daily 8/11,2020-08-11T21:59:15.938765,estk_206d343c14c4d548f7c5bbc448149f99,evt_206d343c14c4d548,Gordon Hayward,NBA,34.38,24.91,3.25,0.37,4.7500,6.7400,6.6100,4.0900
$500 NBA Daily 8/11,2020-08-11T21:59:15.938783,estk_206d343c14c4d548d6171dfea381a48f,evt_206d343c14c4d548,Brandon Clarke,NBA,25.64,21.15,5,0.37,3.4400,4.6900,4.6900,2.1700
$500 NBA Daily 8/11,2020-08-11T21:59:15.938801,estk_206d343c14c4d548201a5680f9441b5c,evt_206d343c14c4d548,Daniel Theis,NBA,23.44,19.77,5,0.37,3.0500,5.3700,4.8700,1.7400
$500 NBA Daily 8/11,2020-08-11T21:59:15.938805,estk_206d343c14c4d54841d6aa90727d2144,evt_206d343c14c4d548,Brad Wanamaker,NBA,13.98,19.56,10.75,0.37,2.9800,3.4000,4.2100,1.1100
$500 NBA Daily 8/11,2020-08-11T21:59:15.938815,estk_206d343c14c4d5483ca2dc749cee3306,evt_206d343c14c4d548,Grayson Allen,NBA,17.43,18.23,7.25,0.37,2.7000,4.6700,4.3800,1.4900
$500 NBA Daily 8/11,2020-08-11T21:59:15.938819,estk_206d343c14c4d548af7276ad9c2ac994,evt_206d343c14c4d548,Dillon Brooks,NBA,25.02,16.76,1,0.37,2.3800,3.9100,3.8200,
$500 NBA Daily 8/11,2020-08-11T21:59:15.938827,estk_206d343c14c4d548742e21c662c0c7b4,evt_206d343c14c4d548,Kyle Anderson,NBA,16.87,14.13,3.5,0.37,1.9200,3.8200,3.6600,1.2000
$500 NBA Daily 8/11,2020-08-11T21:59:15.938831,estk_206d343c14c4d548df5b076d451d97be,evt_206d343c14c4d548,De'Anthony Melton,NBA,15.88,12,2,0.37,1.6500,3.4000,3.2700,
$500 NBA Daily 8/11,2020-08-11T21:59:15.938835,estk_206d343c14c4d5482d6f8355da37442f,evt_206d343c14c4d548,Enes Kanter,NBA,6.95,11.88,7.5,0.37,1.6000,3.0700,3.0700,
$500 NBA Daily 8/11,2020-08-11T22:03:21.679135,estk_206d343c14c4d548da4bddbbc347c31f,evt_206d343c14c4d548,Jayson Tatum,NBA,37.16,45.3,23,0.4,15.9000,10.1000,17.5400,13.9200
$500 NBA Daily 8/11,2020-08-11T22:03:21.679142,estk_206d343c14c4d5484e6934614546f665,evt_206d343c14c4d548,Ja Morant,NBA,28.79,38.52,21.25,0.4,11.5700,6.3900,10.7200,7.8700
$500 NBA Daily 8/11,2020-08-11T22:03:21.679150,estk_206d343c14c4d5488d1c1ad7764c997b,evt_206d343c14c4d548,Jonas Valanciunas,NBA,29.59,32.75,15,0.4,8.1900,9.4400,9.9700,6.7000
$500 NBA Daily 8/11,2020-08-11T22:03:21.679155,estk_206d343c14c4d5484b8c495d9fa8db90,evt_206d343c14c4d548,Jaylen Brown,NBA,32.13,31.53,12.25,0.4,7.6100,9.7000,9.2600,7.3000
$500 NBA Daily 8/11,2020-08-11T22:03:21.679174,estk_206d343c14c4d548a9edb859d18234d0,evt_206d343c14c4d548,Kemba Walker,NBA,31.69,27.26,8.25,0.4,5.5600,7.4500,7.4500,4.7700
$500 NBA Daily 8/11,2020-08-11T22:03:21.679204,estk_206d343c14c4d548049fe8ca7bf97ec4,evt_206d343c14c4d548,Marcus Smart,NBA,25.68,25.66,10.25,0.4,4.9000,6.7800,6.8200,3.8000
$500 NBA Daily 8/11,2020-08-11T22:03:21.679211,estk_206d343c14c4d548f7c5bbc448149f99,evt_206d343c14c4d548,Gordon Hayward,NBA,34.38,23.88,3.25,0.4,4.2600,6.6100,6.3500,3.5400
$500 NBA Daily 8/11,2020-08-11T22:03:21.679219,estk_206d343c14c4d548d6171dfea381a48f,evt_206d343c14c4d548,Brandon Clarke,NBA,25.64,23.63,8.25,0.4,4.1500,4.6900,4.6900,2.5700
$500 NBA Daily 8/11,2020-08-11T22:03:21.679244,estk_206d343c14c4d548af7276ad9c2ac994,evt_206d343c14c4d548,Dillon Brooks,NBA,25.02,19.51,4.5,0.4,2.9500,3.9100,3.9100,1.3900
$500 NBA Daily 8/11,2020-08-11T22:03:21.679248,estk_206d343c14c4d54841d6aa90727d2144,evt_206d343c14c4d548,Brad Wanamaker,NBA,13.98,19.14,10.75,0.4,2.8800,3.4000,4.2100,1.1100
$500 NBA Daily 8/11,2020-08-11T22:03:21.679251,estk_206d343c14c4d5483ca2dc749cee3306,evt_206d343c14c4d548,Grayson Allen,NBA,17.43,19.21,8.75,0.4,2.8700,4.3800,4.2500,1.4900
$500 NBA Daily 8/11,2020-08-11T22:03:21.679256,estk_206d343c14c4d548201a5680f9441b5c,evt_206d343c14c4d548,Daniel Theis,NBA,23.44,19.06,5,0.4,2.8400,5.3700,4.6100,1.7400
$500 NBA Daily 8/11,2020-08-11T22:03:21.679271,estk_206d343c14c4d548742e21c662c0c7b4,evt_206d343c14c4d548,Kyle Anderson,NBA,16.87,13.62,3.5,0.4,1.8000,3.8200,3.6600,1.1200
$500 NBA Daily 8/11,2020-08-11T22:03:21.679275,estk_206d343c14c4d548df5b076d451d97be,evt_206d343c14c4d548,De'Anthony Melton,NBA,15.88,11.53,2,0.4,1.5500,3.4000,3.0800,
$500 NBA Daily 8/11,2020-08-11T22:03:21.679279,estk_206d343c14c4d5482d6f8355da37442f,evt_206d343c14c4d548,Enes Kanter,NBA,6.95,11.67,7.5,0.4,1.5500,3.0700,3.0700,
$500 NBA Daily 8/11,2020-08-11T22:04:53.422660,estk_206d343c14c4d548da4bddbbc347c31f,evt_206d343c14c4d548,Jayson Tatum,NBA,37.16,44.55,23,0.42,15.9600,10.1000,17.5400,13.9200
$500 NBA Daily 8/11,2020-08-11T22:04:53.422667,estk_206d343c14c4d5484e6934614546f665,evt_206d343c14c4d548,Ja Morant,NBA,28.79,39.45,22.75,0.42,11.6200,6.3900,13.3000,9.8900
$500 NBA Daily 8/11,2020-08-11T22:04:53.422675,estk_206d343c14c4d5488d1c1ad7764c997b,evt_206d343c14c4d548,Jonas Valanciunas,NBA,29.59,32.16,15,0.42,8.2100,9.4400,9.8500,6.7000
$500 NBA Daily 8/11,2020-08-11T22:04:53.422679,estk_206d343c14c4d5484b8c495d9fa8db90,evt_206d343c14c4d548,Jaylen Brown,NBA,32.13,30.89,12.25,0.42,7.5600,9.7000,9.2100,5.9600
$500 NBA Daily 8/11,2020-08-11T22:04:53.422694,estk_206d343c14c4d548a9edb859d18234d0,evt_206d343c14c4d548,Kemba Walker,NBA,31.69,26.63,8.25,0.42,5.6000,7.4500,7.1700,4.2200
$500 NBA Daily 8/11,2020-08-11T22:04:53.422728,estk_206d343c14c4d548049fe8ca7bf97ec4,evt_206d343c14c4d548,Marcus Smart,NBA,25.68,26.39,11.5,0.42,4.8600,6.5000,6.4600,3.8000
$500 NBA Daily 8/11,2020-08-11T22:04:53.422735,estk_206d343c14c4d548f7c5bbc448149f99,evt_206d343c14c4d548,Gordon Hayward,NBA,34.38,25.69,5.75,0.42,4.2600,6.6100,5.8500,3.1600
$500 NBA Daily 8/11,2020-08-11T22:04:53.422739,estk_206d343c14c4d548d6171dfea381a48f,evt_206d343c14c4d548,Brandon Clarke,NBA,25.64,23.12,8.25,0.42,4.1400,5.7300,5.7200,2.5700
$500 NBA Daily 8/11,2020-08-11T22:04:53.422768,estk_206d343c14c4d548af7276ad9c2ac994,evt_206d343c14c4d548,Dillon Brooks,NBA,25.02,18.51,4,0.42,2.9200,3.9100,4.1000,1.3900
$500 NBA Daily 8/11,2020-08-11T22:04:53.422772,estk_206d343c14c4d548201a5680f9441b5c,evt_206d343c14c4d548,Daniel Theis,NBA,23.44,20.6,7,0.42,2.8400,5.3700,4.6100,1.7400
$500 NBA Daily 8/11,2020-08-11T22:04:53.422776,estk_206d343c14c4d5483ca2dc749cee3306,evt_206d343c14c4d548,Grayson Allen,NBA,17.43,22.36,12.25,0.42,2.8400,4.3800,4.2500,1.4900
$500 NBA Daily 8/11,2020-08-11T22:04:53.422780,estk_206d343c14c4d54841d6aa90727d2144,evt_206d343c14c4d548,Brad Wanamaker,NBA,13.98,18.86,10.75,0.42,2.8200,4.2100,4.2100,1.3200
$500 NBA Daily 8/11,2020-08-11T22:04:53.422795,estk_206d343c14c4d548742e21c662c0c7b4,evt_206d343c14c4d548,Kyle Anderson,NBA,16.87,13.28,3.5,0.42,1.8000,3.8200,3.3400,
$500 NBA Daily 8/11,2020-08-11T22:04:53.422799,estk_206d343c14c4d5482d6f8355da37442f,evt_206d343c14c4d548,Enes Kanter,NBA,6.95,11.53,7.5,0.42,1.5600,3.0700,3.0700,
$500 NBA Daily 8/11,2020-08-11T22:04:53.422803,estk_206d343c14c4d548df5b076d451d97be,evt_206d343c14c4d548,De'Anthony Melton,NBA,15.88,11.21,2,0.42,1.5500,3.4000,3.0800,
$500 NBA Daily 8/11,2020-08-11T22:05:54.834756,estk_206d343c14c4d548da4bddbbc347c31f,evt_206d343c14c4d548,Jayson Tatum,NBA,37.16,44.18,23,0.43,15.5000,10.1000,17.5400,13.9200
$500 NBA Daily 8/11,2020-08-11T22:05:54.834763,estk_206d343c14c4d5484e6934614546f665,evt_206d343c14c4d548,Ja Morant,NBA,28.79,39.16,22.75,0.43,12.1300,6.3900,13.3000,9.8900
$500 NBA Daily 8/11,2020-08-11T22:05:54.834771,estk_206d343c14c4d5488d1c1ad7764c997b,evt_206d343c14c4d548,Jonas Valanciunas,NBA,29.59,31.87,15,0.43,7.8300,9.4400,9.8500,6.7000
$500 NBA Daily 8/11,2020-08-11T22:05:54.834775,estk_206d343c14c4d5484b8c495d9fa8db90,evt_206d343c14c4d548,Jaylen Brown,NBA,32.13,30.56,12.25,0.43,7.2200,9.7000,9.2100,5.9600
$500 NBA Daily 8/11,2020-08-11T22:05:54.834805,estk_206d343c14c4d548a9edb859d18234d0,evt_206d343c14c4d548,Kemba Walker,NBA,31.69,26.31,8.25,0.43,5.2300,7.4500,7.1700,4.2200
$500 NBA Daily 8/11,2020-08-11T22:05:54.834813,estk_206d343c14c4d548049fe8ca7bf97ec4,evt_206d343c14c4d548,Marcus Smart,NBA,25.68,26.14,11.5,0.43,5.1400,6.5000,6.4600,3.8000
$500 NBA Daily 8/11,2020-08-11T22:05:54.834827,estk_206d343c14c4d548f7c5bbc448149f99,evt_206d343c14c4d548,Gordon Hayward,NBA,34.38,25.35,5.75,0.43,4.8500,6.6100,5.8500,3.1600
$500 NBA Daily 8/11,2020-08-11T22:05:54.834842,estk_206d343c14c4d548d6171dfea381a48f,evt_206d343c14c4d548,Brandon Clarke,NBA,25.64,22.86,8.25,0.43,3.9200,5.7300,5.7200,2.5700
$500 NBA Daily 8/11,2020-08-11T22:05:54.834846,estk_206d343c14c4d5483ca2dc749cee3306,evt_206d343c14c4d548,Grayson Allen,NBA,17.43,22.19,12.25,0.43,3.6700,4.3800,4.2500,1.4900
$500 NBA Daily 8/11,2020-08-11T22:05:54.834861,estk_206d343c14c4d548201a5680f9441b5c,evt_206d343c14c4d548,Daniel Theis,NBA,23.44,20.36,7,0.43,3.1600,5.3700,4.6100,1.7400
$500 NBA Daily 8/11,2020-08-11T22:05:54.834879,estk_206d343c14c4d54841d6aa90727d2144,evt_206d343c14c4d548,Brad Wanamaker,NBA,13.98,18.72,10.75,0.43,2.7000,4.2100,4.2100,1.3200
$500 NBA Daily 8/11,2020-08-11T22:05:54.834888,estk_206d343c14c4d548af7276ad9c2ac994,evt_206d343c14c4d548,Dillon Brooks,NBA,25.02,18.26,4,0.43,2.6100,3.9100,4.1000,1.3900
$500 NBA Daily 8/11,2020-08-11T22:05:54.834896,estk_206d343c14c4d548742e21c662c0c7b4,evt_206d343c14c4d548,Kyle Anderson,NBA,16.87,13.12,3.5,0.43,1.6900,3.8200,3.3400,
$500 NBA Daily 8/11,2020-08-11T22:05:54.834899,estk_206d343c14c4d5482d6f8355da37442f,evt_206d343c14c4d548,Enes Kanter,NBA,6.95,11.46,7.5,0.43,1.5100,3.0700,3.0700,
$500 NBA Daily 8/11,2020-08-11T22:05:54.834903,estk_206d343c14c4d548df5b076d451d97be,evt_206d343c14c4d548,De'Anthony Melton,NBA,15.88,11.05,2,0.43,1.5000,3.4000,3.0800,
$500 NBA Daily 8/11,2020-08-11T22:06:56.398408,estk_206d343c14c4d548da4bddbbc347c31f,evt_206d343c14c4d548,Jayson Tatum,NBA,37.16,43.44,23,0.45,15.3700,10.1000,17.5400,13.9200
$500 NBA Daily 8/11,2020-08-11T22:06:56.398415,estk_206d343c14c4d5484e6934614546f665,evt_206d343c14c4d548,Ja Morant,NBA,28.79,40.08,24.25,0.45,12.0200,6.3900,13.3000,10.2800
$500 NBA Daily 8/11,2020-08-11T22:06:56.398423,estk_206d343c14c4d5488d1c1ad7764c997b,evt_206d343c14c4d548,Jonas Valanciunas,NBA,29.59,31.27,15,0.45,7.7400,9.4400,9.3900,6.7000
$500 NBA Daily 8/11,2020-08-11T22:06:56.398431,estk_206d343c14c4d5484b8c495d9fa8db90,evt_206d343c14c4d548,Jaylen Brown,NBA,32.13,29.92,12.25,0.45,7.0700,9.7000,8.7100,5.9600
$500 NBA Daily 8/11,2020-08-11T22:06:56.398461,estk_206d343c14c4d548a9edb859d18234d0,evt_206d343c14c4d548,Kemba Walker,NBA,31.69,27.68,10.25,0.45,5.1600,7.4500,6.7600,4.2200
$500 NBA Daily 8/11,2020-08-11T22:06:56.398465,estk_206d343c14c4d548049fe8ca7bf97ec4,evt_206d343c14c4d548,Marcus Smart,NBA,25.68,26.62,12.5,0.45,5.0900,6.5000,6.4600,3.8000
$500 NBA Daily 8/11,2020-08-11T22:06:56.398480,estk_206d343c14c4d548f7c5bbc448149f99,evt_206d343c14c4d548,Gordon Hayward,NBA,34.38,24.66,5.75,0.45,4.7700,6.6100,6.3700,3.1600
$500 NBA Daily 8/11,2020-08-11T22:06:56.398494,estk_206d343c14c4d548d6171dfea381a48f,evt_206d343c14c4d548,Brandon Clarke,NBA,25.64,24.35,10.25,0.45,3.8500,5.7300,5.7200,2.5700
$500 NBA Daily 8/11,2020-08-11T22:06:56.398498,estk_206d343c14c4d5483ca2dc749cee3306,evt_206d343c14c4d548,Grayson Allen,NBA,17.43,21.84,12.25,0.45,3.6700,4.3800,5.2400,1.4900
$500 NBA Daily 8/11,2020-08-11T22:06:56.398517,estk_206d343c14c4d548201a5680f9441b5c,evt_206d343c14c4d548,Daniel Theis,NBA,23.44,19.89,7,0.45,3.0900,5.3700,4.6100,1.7400
$500 NBA Daily 8/11,2020-08-11T22:06:56.398528,estk_206d343c14c4d54841d6aa90727d2144,evt_206d343c14c4d548,Brad Wanamaker,NBA,13.98,18.44,10.75,0.45,2.7000,4.2100,4.2100,1.3200
$500 NBA Daily 8/11,2020-08-11T22:06:56.398535,estk_206d343c14c4d548af7276ad9c2ac994,evt_206d343c14c4d548,Dillon Brooks,NBA,25.02,19.76,6,0.45,2.5900,3.9100,4.1000,1.3900
$500 NBA Daily 8/11,2020-08-11T22:06:56.398543,estk_206d343c14c4d548742e21c662c0c7b4,evt_206d343c14c4d548,Kyle Anderson,NBA,16.87,12.78,3.5,0.45,1.7000,3.8200,3.2300,
$500 NBA Daily 8/11,2020-08-11T22:06:56.398547,estk_206d343c14c4d5482d6f8355da37442f,evt_206d343c14c4d548,Enes Kanter,NBA,6.95,11.32,7.5,0.45,1.5200,3.0700,3.0700,
$500 NBA Daily 8/11,2020-08-11T22:06:56.398550,estk_206d343c14c4d548df5b076d451d97be,evt_206d343c14c4d548,De'Anthony Melton,NBA,15.88,10.73,2,0.45,1.4500,3.4000,3.0800,
$500 NBA Daily 8/11,2020-08-11T22:11:01.486791,estk_206d343c14c4d548da4bddbbc347c31f,evt_206d343c14c4d548,Jayson Tatum,NBA,37.16,41.58,23,0.5,14.8800,10.1000,16.6900,13.6900
$500 NBA Daily 8/11,2020-08-11T22:11:01.486798,estk_206d343c14c4d5484e6934614546f665,evt_206d343c14c4d548,Ja Morant,NBA,28.79,39.64,25.25,0.5,12.2500,6.3900,14.0700,10.5800
$500 NBA Daily 8/11,2020-08-11T22:11:01.486807,estk_206d343c14c4d5488d1c1ad7764c997b,evt_206d343c14c4d548,Jonas Valanciunas,NBA,29.59,34.3,19.5,0.5,7.3800,9.4400,9.0400,6.2300
$500 NBA Daily 8/11,2020-08-11T22:11:01.486815,estk_206d343c14c4d548a9edb859d18234d0,evt_206d343c14c4d548,Kemba Walker,NBA,31.69,30.84,15,0.5,6.9000,7.4500,8.5500,5.2700
$500 NBA Daily 8/11,2020-08-11T22:11:01.486819,estk_206d343c14c4d5484b8c495d9fa8db90,evt_206d343c14c4d548,Jaylen Brown,NBA,32.13,28.32,12.25,0.5,6.6900,9.7000,8.3900,5.5800
$500 NBA Daily 8/11,2020-08-11T22:11:01.486845,estk_206d343c14c4d548049fe8ca7bf97ec4,evt_206d343c14c4d548,Marcus Smart,NBA,25.68,26.34,13.5,0.5,5.2000,6.5000,6.4600,3.8000
$500 NBA Daily 8/11,2020-08-11T22:11:01.486853,estk_206d343c14c4d548f7c5bbc448149f99,evt_206d343c14c4d548,Gordon Hayward,NBA,34.38,25.69,8.5,0.5,5.1600,6.6100,6.3700,3.6300
$500 NBA Daily 8/11,2020-08-11T22:11:01.486871,estk_206d343c14c4d548d6171dfea381a48f,evt_206d343c14c4d548,Brandon Clarke,NBA,25.64,27.57,14.75,0.5,4.2900,5.7300,5.7200,2.7100
$500 NBA Daily 8/11,2020-08-11T22:11:01.486886,estk_206d343c14c4d5483ca2dc749cee3306,evt_206d343c14c4d548,Grayson Allen,NBA,17.43,19.96,11.25,0.5,3.4100,5.2400,5.0000,1.8600
$500 NBA Daily 8/11,2020-08-11T22:11:01.486905,estk_206d343c14c4d548201a5680f9441b5c,evt_206d343c14c4d548,Daniel Theis,NBA,23.44,18.72,7,0.5,2.8900,5.3700,4.6100,1.7400
$500 NBA Daily 8/11,2020-08-11T22:11:01.486908,estk_206d343c14c4d548af7276ad9c2ac994,evt_206d343c14c4d548,Dillon Brooks,NBA,25.02,17.51,5,0.5,2.8500,4.4800,4.4200,1.3900
$500 NBA Daily 8/11,2020-08-11T22:11:01.486920,estk_206d343c14c4d54841d6aa90727d2144,evt_206d343c14c4d548,Brad Wanamaker,NBA,13.98,17.74,10.75,0.5,2.5200,4.2100,4.0800,1.3200
$500 NBA Daily 8/11,2020-08-11T22:11:01.486927,estk_206d343c14c4d548742e21c662c0c7b4,evt_206d343c14c4d548,Kyle Anderson,NBA,16.87,11.94,3.5,0.5,1.6000,3.1500,3.1400,
$500 NBA Daily 8/11,2020-08-11T22:11:01.486931,estk_206d343c14c4d5482d6f8355da37442f,evt_206d343c14c4d548,Enes Kanter,NBA,6.95,10.97,7.5,0.5,1.4500,3.0700,3.0700,
$500 NBA Daily 8/11,2020-08-11T22:11:01.486935,estk_206d343c14c4d548df5b076d451d97be,evt_206d343c14c4d548,De'Anthony Melton,NBA,15.88,9.94,2,0.5,1.4100,3.0800,2.9400,
$500 NBA Daily 8/11,2020-08-11T22:28:23.420961,estk_206d343c14c4d548da4bddbbc347c31f,evt_206d343c14c4d548,Jayson Tatum,NBA,37.16,41.21,23,0.51,13.7100,10.1000,15.5400,12.0200
$500 NBA Daily 8/11,2020-08-11T22:28:23.420967,estk_206d343c14c4d5484e6934614546f665,evt_206d343c14c4d548,Ja Morant,NBA,28.79,39.36,25.25,0.51,12.2900,6.3900,14.0700,10.6600
$500 NBA Daily 8/11,2020-08-11T22:28:23.420976,estk_206d343c14c4d5488d1c1ad7764c997b,evt_206d343c14c4d548,Jonas Valanciunas,NBA,29.59,34,19.5,0.51,8.9100,9.4400,10.6400,7.3400
$500 NBA Daily 8/11,2020-08-11T22:28:23.420981,estk_206d343c14c4d548a9edb859d18234d0,evt_206d343c14c4d548,Kemba Walker,NBA,31.69,33.53,18,0.51,8.6400,7.4500,10.3300,7.0500
$500 NBA Daily 8/11,2020-08-11T22:28:23.420992,estk_206d343c14c4d5484b8c495d9fa8db90,evt_206d343c14c4d548,Jaylen Brown,NBA,32.13,27.99,12.25,0.51,5.8200,9.7000,7.4900,4.2200
$500 NBA Daily 8/11,2020-08-11T22:28:23.421003,estk_206d343c14c4d548d6171dfea381a48f,evt_206d343c14c4d548,Brandon Clarke,NBA,25.64,27.31,14.75,0.51,5.4900,5.7300,7.1400,4.2200
$500 NBA Daily 8/11,2020-08-11T22:28:23.421033,estk_206d343c14c4d548049fe8ca7bf97ec4,evt_206d343c14c4d548,Marcus Smart,NBA,25.68,26.08,13.5,0.51,5.0000,6.4600,6.4600,3.8000
$500 NBA Daily 8/11,2020-08-11T22:28:23.421040,estk_206d343c14c4d548f7c5bbc448149f99,evt_206d343c14c4d548,Gordon Hayward,NBA,34.38,26.1,9.25,0.51,4.7000,6.3700,6.3300,3.6300
$500 NBA Daily 8/11,2020-08-11T22:28:23.421072,estk_206d343c14c4d5483ca2dc749cee3306,evt_206d343c14c4d548,Grayson Allen,NBA,17.43,19.79,11.25,0.51,2.8600,4.4100,4.3800,1.8600
$500 NBA Daily 8/11,2020-08-11T22:28:23.421083,estk_206d343c14c4d548201a5680f9441b5c,evt_206d343c14c4d548,Daniel Theis,NBA,23.44,18.49,7,0.51,2.5600,4.0900,4.0900,1.6000
$500 NBA Daily 8/11,2020-08-11T22:28:23.421087,estk_206d343c14c4d54841d6aa90727d2144,evt_206d343c14c4d548,Brad Wanamaker,NBA,13.98,17.6,10.75,0.51,2.3300,4.2100,3.8600,1.3200
$500 NBA Daily 8/11,2020-08-11T22:28:23.421091,estk_206d343c14c4d548af7276ad9c2ac994,evt_206d343c14c4d548,Dillon Brooks,NBA,25.02,16.76,4.5,0.51,2.2600,3.8100,3.8500,1.3900
$500 NBA Daily 8/11,2020-08-11T22:28:23.421099,estk_206d343c14c4d548742e21c662c0c7b4,evt_206d343c14c4d548,Kyle Anderson,NBA,16.87,13.02,4.75,0.51,1.4700,3.2300,3.0000,
$500 NBA Daily 8/11,2020-08-11T22:28:23.421102,estk_206d343c14c4d5482d6f8355da37442f,evt_206d343c14c4d548,Enes Kanter,NBA,6.95,10.91,7.5,0.51,1.3900,3.0700,3.0700,
$500 NBA Daily 8/11,2020-08-11T22:28:23.421106,estk_206d343c14c4d548df5b076d451d97be,evt_206d343c14c4d548,De'Anthony Melton,NBA,15.88,9.78,2,0.51,1.3100,3.0800,2.8500,
$500 NBA Daily 8/11,2020-08-11T22:29:24.667358,estk_206d343c14c4d548da4bddbbc347c31f,evt_206d343c14c4d548,Jayson Tatum,NBA,37.16,43.97,26.5,0.53,13.4700,10.1000,15.5400,12.0200
$500 NBA Daily 8/11,2020-08-11T22:29:24.667365,estk_206d343c14c4d5484e6934614546f665,evt_206d343c14c4d548,Ja Morant,NBA,28.79,38.78,25.25,0.53,12.1900,6.3900,14.0700,10.6600
$500 NBA Daily 8/11,2020-08-11T22:29:24.667373,estk_206d343c14c4d5488d1c1ad7764c997b,evt_206d343c14c4d548,Jonas Valanciunas,NBA,29.59,32.91,19,0.53,8.8200,9.4400,10.6400,7.3400
$500 NBA Daily 8/11,2020-08-11T22:29:24.667377,estk_206d343c14c4d548a9edb859d18234d0,evt_206d343c14c4d548,Kemba Walker,NBA,31.69,32.89,18,0.53,8.5600,7.4500,10.3300,7.0500
$500 NBA Daily 8/11,2020-08-11T22:29:24.667393,estk_206d343c14c4d5484b8c495d9fa8db90,evt_206d343c14c4d548,Jaylen Brown,NBA,32.13,27.35,12.25,0.53,5.7100,9.7000,7.4900,4.2200
$500 NBA Daily 8/11,2020-08-11T22:29:24.667404,estk_206d343c14c4d548d6171dfea381a48f,evt_206d343c14c4d548,Brandon Clarke,NBA,25.64,26.8,14.75,0.53,5.4200,5.7300,7.1400,4.2200
$500 NBA Daily 8/11,2020-08-11T22:29:24.667430,estk_206d343c14c4d548f7c5bbc448149f99,evt_206d343c14c4d548,Gordon Hayward,NBA,34.38,26.91,10.75,0.53,4.9200,6.3700,6.3300,3.6300
$500 NBA Daily 8/11,2020-08-11T22:29:24.667433,estk_206d343c14c4d548049fe8ca7bf97ec4,evt_206d343c14c4d548,Marcus Smart,NBA,25.68,25.57,13.5,0.53,4.8700,6.4600,6.4600,3.8000
$500 NBA Daily 8/11,2020-08-11T22:29:24.667465,estk_206d343c14c4d5483ca2dc749cee3306,evt_206d343c14c4d548,Grayson Allen,NBA,17.43,19.44,11.25,0.53,2.8000,4.4100,4.3800,1.8600
$500 NBA Daily 8/11,2020-08-11T22:29:24.667476,estk_206d343c14c4d548201a5680f9441b5c,evt_206d343c14c4d548,Daniel Theis,NBA,23.44,19.27,8.25,0.53,2.5000,4.0900,4.0900,1.6000
$500 NBA Daily 8/11,2020-08-11T22:29:24.667480,estk_206d343c14c4d54841d6aa90727d2144,evt_206d343c14c4d548,Brad Wanamaker,NBA,13.98,17.32,10.75,0.53,2.3100,4.2100,3.8600,1.3200
$500 NBA Daily 8/11,2020-08-11T22:29:24.667483,estk_206d343c14c4d548af7276ad9c2ac994,evt_206d343c14c4d548,Dillon Brooks,NBA,25.02,16.26,4.5,0.53,2.1200,3.8100,3.8500,1.3900
$500 NBA Daily 8/11,2020-08-11T22:29:24.667491,estk_206d343c14c4d548742e21c662c0c7b4,evt_206d343c14c4d548,Kyle Anderson,NBA,16.87,12.68,4.75,0.53,1.5700,3.2300,3.0000,
$500 NBA Daily 8/11,2020-08-11T22:29:24.667495,estk_206d343c14c4d5482d6f8355da37442f,evt_206d343c14c4d548,Enes Kanter,NBA,6.95,10.77,7.5,0.53,1.3800,3.0700,3.0700,
$500 NBA Daily 8/11,2020-08-11T22:29:24.667499,estk_206d343c14c4d548df5b076d451d97be,evt_206d343c14c4d548,De'Anthony Melton,NBA,15.88,9.46,2,0.53,1.3000,3.0800,2.8500,
$500 NBA Daily 8/11,2020-08-11T22:32:28.087546,estk_206d343c14c4d5484e6934614546f665,evt_206d343c14c4d548,Ja Morant,NBA,28.79,43.42,30.75,0.56,14.7900,6.3900,13.5700,12.9900
$500 NBA Daily 8/11,2020-08-11T22:32:28.087553,estk_206d343c14c4d548da4bddbbc347c31f,evt_206d343c14c4d548,Jayson Tatum,NBA,37.16,42.85,26.5,0.56,14.4000,10.1000,16.1900,
