name,time,id,event_id,stock_name,sector,fantasy_points_projected,fantasy_points_projected_live,fantasy_points_scored,amount_completed,estimated_price,last_price,ask_price,bid_price
$500 NBA Daily 8/18,2020-08-18T14:00:30.967599,estk_ca135834b3afa8ae1452baccd9371298,evt_ca135834b3afa8ae,LeBron James,NBA,53.8,,,,,,,
$500 NBA Daily 8/18,2020-08-18T14:00:30.967627,estk_ca135834b3afa8ae998cf3066566c393,evt_ca135834b3afa8ae,James Harden,NBA,53.04,,,,,,,
$500 NBA Daily 8/18,2020-08-18T14:00:30.967633,estk_ca135834b3afa8ae9af7d442f918404f,evt_ca135834b3afa8ae,Anthony Davis,NBA,48.17,,,,,,,
$500 NBA Daily 8/18,2020-08-18T14:00:30.967637,estk_ca135834b3afa8ae01113a8407ed38e2,evt_ca135834b3afa8ae,Damian Lillard,NBA,45.26,,,,,,,
$500 NBA Daily 8/18,2020-08-18T14:00:30.967641,estk_ca135834b3afa8ae1a3043d6384c59cc,evt_ca135834b3afa8ae,Jusuf Nurkic,NBA,43.39,,,,,,,
$500 NBA Daily 8/18,2020-08-18T14:00:30.967645,estk_ca135834b3afa8ae86ea8af848cca3f6,evt_ca135834b3afa8ae,Chris Paul,NBA,40.85,,,,,,,
$500 NBA Daily 8/18,2020-08-18T14:00:30.967648,estk_ca135834b3afa8ae4d546eba965e40a0,evt_ca135834b3afa8ae,Steven Adams,NBA,33.86,,,,,,,
$500 NBA Daily 8/18,2020-08-18T14:00:30.967653,estk_ca135834b3afa8ae33aee19dae855240,evt_ca135834b3afa8ae,Shai Gilgeous-Alexander,NBA,31.57,,,,,,,
$500 NBA Daily 8/18,2020-08-18T14:00:30.967657,estk_ca135834b3afa8ae4641ef307a4855e5,evt_ca135834b3afa8ae,CJ McCollum,NBA,31.1,,,,,,,
$500 NBA Daily 8/18,2020-08-18T14:00:30.967660,estk_ca135834b3afa8ae6e1b2c66fb087a89,evt_ca135834b3afa8ae,Danilo Gallinari,NBA,28.03,,,,,,,
$500 NBA Daily 8/18,2020-08-18T14:00:30.967664,estk_ca135834b3afa8ae2e7d4bf632563918,evt_ca135834b3afa8ae,Robert Covington,NBA,25.75,,,,,,,
$500 NBA Daily 8/18,2020-08-18T14:00:30.967669,estk_ca135834b3afa8aece8e428feaa184fb,evt_ca135834b3afa8ae,Dennis Schroder,NBA,25.46,,,,,,,
$500 NBA Daily 8/18,2020-08-18T14:00:30.967672,estk_ca135834b3afa8ae6a7e9a693923060b,evt_ca135834b3afa8ae,Carmelo Anthony,NBA,24.52,,,,,,,
$500 NBA Daily 8/18,2020-08-18T14:00:30.967676,estk_ca135834b3afa8ae31303064abb30322,evt_ca135834b3afa8ae,Hassan Whiteside,NBA,24.14,,,,,,,
$500 NBA Daily 8/18,2020-08-18T14:00:30.967680,estk_ca135834b3afa8ae0b04a4c808a880c2,evt_ca135834b3afa8ae,Gary Trent,NBA,20.47,,,,,,,
$500 NBA Daily 8/18,2020-08-18T14:00:30.967683,estk_ca135834b3afa8aeebfb1a44ae619e2e,evt_ca135834b3afa8ae,Kyle Kuzma,NBA,20.3,,,,,,,
$500 NBA Daily 8/18,2020-08-18T14:00:30.967687,estk_ca135834b3afa8aef2b631af853210c3,evt_ca135834b3afa8ae,Kentavious Caldwell-Pope,NBA,19.74,,,,,,,
$500 NBA Daily 8/18,2020-08-18T14:00:30.967691,estk_ca135834b3afa8aebb2265938b36951f,evt_ca135834b3afa8ae,P.J. Tucker,NBA,19.39,,,,,,,
$500 NBA Daily 8/18,2020-08-18T14:00:30.967694,estk_ca135834b3afa8aec7f79998d02ebada,evt_ca135834b3afa8ae,Danny Green,NBA,18.61,,,,,,,
$500 NBA Daily 8/18,2020-08-18T14:00:30.967698,estk_ca135834b3afa8ae7e274b6cb95b0d20,evt_ca135834b3afa8ae,Danuel House,NBA,18.5,,,,,,,
$500 NBA Daily 8/18,2020-08-18T14:00:30.967701,estk_ca135834b3afa8aec3a200d16d9a3fa2,evt_ca135834b3afa8ae,JaVale McGee,NBA,18.4,,,,,,,
$500 NBA Daily 8/18,2020-08-18T14:00:30.967705,estk_ca135834b3afa8ae0b5bea604e9b515d,evt_ca135834b3afa8ae,Nerlens Noel,NBA,18.33,,,,,,,
$500 NBA Daily 8/18,2020-08-18T14:00:30.967709,estk_ca135834b3afa8ae9e314ab9e97d6d4e,evt_ca135834b3afa8ae,Eric Gordon,NBA,17.04,,,,,,,
$500 NBA Daily 8/18,2020-08-18T14:00:30.967712,estk_ca135834b3afa8aed086e77c2f7fd9b3,evt_ca135834b3afa8ae,Hamidou Diallo,NBA,16.34,,,,,,,
$500 NBA Daily 8/18,2020-08-18T14:00:30.967716,estk_ca135834b3afa8aecc5df41068f20fef,evt_ca135834b3afa8ae,Alex Caruso,NBA,16.12,,,,,,,
$500 NBA Daily 8/18,2020-08-18T14:00:30.967719,estk_ca135834b3afa8ae835e4cb9b4f65e3b,evt_ca135834b3afa8ae,Jeff Green,NBA,15.46,,,,,,,
$500 NBA Daily 8/18,2020-08-18T14:00:30.967723,estk_ca135834b3afa8aed5d16483f5148c0b,evt_ca135834b3afa8ae,Darius Bazley,NBA,15.11,,,,,,,
$500 NBA Daily 8/18,2020-08-18T14:00:30.967726,estk_ca135834b3afa8aea8ff2d0160121c76,evt_ca135834b3afa8ae,Dwight Howard,NBA,14.35,,,,,,,
$500 NBA Daily 8/18,2020-08-18T14:00:30.967730,estk_ca135834b3afa8ae81cf003a81460da1,evt_ca135834b3afa8ae,Markieff Morris,NBA,11.53,,,,,,,
$500 NBA Daily 8/18,2020-08-18T14:00:30.967733,estk_ca135834b3afa8ae19f5682bdf2d2680,evt_ca135834b3afa8ae,DeMarre Carroll,NBA,10.13,,,,,,,
$500 NBA Daily 8/18,2020-08-18T14:00:30.967736,estk_ca135834b3afa8ae509298b2fe7937b1,evt_ca135834b3afa8ae,Dion Waiters,NBA,9.83,,,,,,,
$500 NBA Daily 8/18,2020-08-18T14:00:30.967740,estk_ca135834b3afa8ae8030cd645d385adc,evt_ca135834b3afa8ae,Wenyen Gabriel,NBA,9.36,,,,,,,
$500 NBA Daily 8/18,2020-08-18T14:04:38.521687,estk_ca135834b3afa8ae1452baccd9371298,evt_ca135834b3afa8ae,LeBron James,NBA,53.8,,,,12.8500,1.0900,,
$500 NBA Daily 8/18,2020-08-18T14:04:38.521708,estk_ca135834b3afa8ae998cf3066566c393,evt_ca135834b3afa8ae,James Harden,NBA,53.04,,,,12.7100,1.0900,,
$500 NBA Daily 8/18,2020-08-18T14:04:38.521713,estk_ca135834b3afa8ae9af7d442f918404f,evt_ca135834b3afa8ae,Anthony Davis,NBA,48.17,,,,11.0600,1.0500,,
$500 NBA Daily 8/18,2020-08-18T14:04:38.521718,estk_ca135834b3afa8ae01113a8407ed38e2,evt_ca135834b3afa8ae,Damian Lillard,NBA,45.26,,,,10.2200,1.0700,,
$500 NBA Daily 8/18,2020-08-18T14:04:38.521722,estk_ca135834b3afa8ae1a3043d6384c59cc,evt_ca135834b3afa8ae,Jusuf Nurkic,NBA,43.39,,,,9.5000,1.0600,,
$500 NBA Daily 8/18,2020-08-18T14:04:38.521726,estk_ca135834b3afa8ae86ea8af848cca3f6,evt_ca135834b3afa8ae,Chris Paul,NBA,40.85,,,,8.7900,1.0600,,
$500 NBA Daily 8/18,2020-08-18T14:04:38.521730,estk_ca135834b3afa8ae4d546eba965e40a0,evt_ca135834b3afa8ae,Steven Adams,NBA,33.86,,,,6.9400,1.0400,,
$500 NBA Daily 8/18,2020-08-18T14:04:38.521734,estk_ca135834b3afa8ae33aee19dae855240,evt_ca135834b3afa8ae,Shai Gilgeous-Alexander,NBA,31.57,,,,6.3700,1.0300,,
$500 NBA Daily 8/18,2020-08-18T14:04:38.521738,estk_ca135834b3afa8ae4641ef307a4855e5,evt_ca135834b3afa8ae,CJ McCollum,NBA,31.1,,,,6.1600,1.0400,,
$500 NBA Daily 8/18,2020-08-18T14:04:38.521742,estk_ca135834b3afa8ae6e1b2c66fb087a89,evt_ca135834b3afa8ae,Danilo Gallinari,NBA,28.03,,,,5.5700,1.0300,,
$500 NBA Daily 8/18,2020-08-18T14:04:38.521745,estk_ca135834b3afa8aece8e428feaa184fb,evt_ca135834b3afa8ae,Dennis Schroder,NBA,25.46,,,,5.0000,1.0300,,
$500 NBA Daily 8/18,2020-08-18T14:04:38.521752,estk_ca135834b3afa8ae2e7d4bf632563918,evt_ca135834b3afa8ae,Robert Covington,NBA,25.75,,,,4.9900,1.0300,,
$500 NBA Daily 8/18,2020-08-18T14:04:38.521755,estk_ca135834b3afa8ae6a7e9a693923060b,evt_ca135834b3afa8ae,Carmelo Anthony,NBA,24.52,,,,4.7600,1.0200,,
$500 NBA Daily 8/18,2020-08-18T14:04:38.521759,estk_ca135834b3afa8ae31303064abb30322,evt_ca135834b3afa8ae,Hassan Whiteside,NBA,24.14,,,,4.7100,1.0200,,
$500 NBA Daily 8/18,2020-08-18T14:04:38.521763,estk_ca135834b3afa8aeebfb1a44ae619e2e,evt_ca135834b3afa8ae,Kyle Kuzma,NBA,20.3,,,,4.1000,1.0200,,
$500 NBA Daily 8/18,2020-08-18T14:04:38.521767,estk_ca135834b3afa8ae0b04a4c808a880c2,evt_ca135834b3afa8ae,Gary Trent,NBA,20.47,,,,4.0800,1.0200,,
$500 NBA Daily 8/18,2020-08-18T14:04:38.521770,estk_ca135834b3afa8aef2b631af853210c3,evt_ca135834b3afa8ae,Kentavious Caldwell-Pope,NBA,19.74,,,,3.9100,1.0100,,
$500 NBA Daily 8/18,2020-08-18T14:04:38.521774,estk_ca135834b3afa8aebb2265938b36951f,evt_ca135834b3afa8ae,P.J. Tucker,NBA,19.39,,,,3.9100,1.0200,,
$500 NBA Daily 8/18,2020-08-18T14:04:38.521778,estk_ca135834b3afa8aec7f79998d02ebada,evt_ca135834b3afa8ae,Danny Green,NBA,18.61,,,,3.7900,1.0100,,
$500 NBA Daily 8/18,2020-08-18T14:04:38.521781,estk_ca135834b3afa8ae7e274b6cb95b0d20,evt_ca135834b3afa8ae,Danuel House,NBA,18.5,,,,3.7800,1.0100,,
$500 NBA Daily 8/18,2020-08-18T14:04:38.521785,estk_ca135834b3afa8ae0b5bea604e9b515d,evt_ca135834b3afa8ae,Nerlens Noel,NBA,18.33,,,,3.7300,1.0100,,
$500 NBA Daily 8/18,2020-08-18T14:04:38.521788,estk_ca135834b3afa8aec3a200d16d9a3fa2,evt_ca135834b3afa8ae,JaVale McGee,NBA,18.4,,,,3.7200,1.0100,,
$500 NBA Daily 8/18,2020-08-18T14:04:38.521792,estk_ca135834b3afa8ae9e314ab9e97d6d4e,evt_ca135834b3afa8ae,Eric Gordon,NBA,17.04,,,,3.5300,1.0200,,
$500 NBA Daily 8/18,2020-08-18T14:04:38.521796,estk_ca135834b3afa8aed086e77c2f7fd9b3,evt_ca135834b3afa8ae,Hamidou Diallo,NBA,16.34,,,,3.4300,1.0100,,
$500 NBA Daily 8/18,2020-08-18T14:04:38.521799,estk_ca135834b3afa8aecc5df41068f20fef,evt_ca135834b3afa8ae,Alex Caruso,NBA,16.12,,,,3.4100,1.0200,,
$500 NBA Daily 8/18,2020-08-18T14:04:38.521803,estk_ca135834b3afa8ae835e4cb9b4f65e3b,evt_ca135834b3afa8ae,Jeff Green,NBA,15.46,,,,3.3100,1.0100,,
$500 NBA Daily 8/18,2020-08-18T14:04:38.521807,estk_ca135834b3afa8aed5d16483f5148c0b,evt_ca135834b3afa8ae,Darius Bazley,NBA,15.11,,,,3.2400,1.0100,,
$500 NBA Daily 8/18,2020-08-18T14:04:38.521810,estk_ca135834b3afa8aea8ff2d0160121c76,evt_ca135834b3afa8ae,Dwight Howard,NBA,14.35,,,,3.1900,1.0100,,
$500 NBA Daily 8/18,2020-08-18T14:04:38.521814,estk_ca135834b3afa8ae81cf003a81460da1,evt_ca135834b3afa8ae,Markieff Morris,NBA,11.53,,,,2.8100,1.0100,,
$500 NBA Daily 8/18,2020-08-18T14:04:38.521817,estk_ca135834b3afa8ae19f5682bdf2d2680,evt_ca135834b3afa8ae,DeMarre Carroll,NBA,10.13,,,,2.7000,1.0100,,
$500 NBA Daily 8/18,2020-08-18T14:04:38.521821,estk_ca135834b3afa8ae509298b2fe7937b1,evt_ca135834b3afa8ae,Dion Waiters,NBA,9.83,,,,2.6500,1.0100,,
$500 NBA Daily 8/18,2020-08-18T14:04:38.521824,estk_ca135834b3afa8ae8030cd645d385adc,evt_ca135834b3afa8ae,Wenyen Gabriel,NBA,9.36,,,,2.5900,1.0100,,
$500 NBA Daily 8/18,2020-08-18T21:59:47.850968,estk_ca135834b3afa8ae1452baccd9371298,evt_ca135834b3afa8ae,LeBron James,NBA,53.8,53.8,0,0,12.3700,9.4500,14.1200,
$500 NBA Daily 8/18,2020-08-18T21:59:47.850997,estk_ca135834b3afa8ae998cf3066566c393,evt_ca135834b3afa8ae,James Harden,NBA,53.04,53.04,0,0,12.1900,9.5500,13.9300,
$500 NBA Daily 8/18,2020-08-18T21:59:47.851003,estk_ca135834b3afa8ae9af7d442f918404f,evt_ca135834b3afa8ae,Anthony Davis,NBA,48.17,48.17,0,0,10.8800,9.2800,12.6000,
$500 NBA Daily 8/18,2020-08-18T21:59:47.851007,estk_ca135834b3afa8ae01113a8407ed38e2,evt_ca135834b3afa8ae,Damian Lillard,NBA,45.26,45.26,0,0,9.7700,8.9100,11.4700,
$500 NBA Daily 8/18,2020-08-18T21:59:47.851011,estk_ca135834b3afa8ae1a3043d6384c59cc,evt_ca135834b3afa8ae,Jusuf Nurkic,NBA,43.39,43.39,0,0,9.3300,8.5400,11.0200,
$500 NBA Daily 8/18,2020-08-18T21:59:47.851015,estk_ca135834b3afa8ae86ea8af848cca3f6,evt_ca135834b3afa8ae,Chris Paul,NBA,40.85,40.85,0,0,8.5900,7.9900,10.2600,
$500 NBA Daily 8/18,2020-08-18T21:59:47.851019,estk_ca135834b3afa8ae4d546eba965e40a0,evt_ca135834b3afa8ae,Steven Adams,NBA,33.86,33.86,0,0,6.8600,6.6800,8.5000,
$500 NBA Daily 8/18,2020-08-18T21:59:47.851023,estk_ca135834b3afa8ae33aee19dae855240,evt_ca135834b3afa8ae,Shai Gilgeous-Alexander,NBA,31.57,31.57,0,0,6.3100,6.1000,7.9400,
$500 NBA Daily 8/18,2020-08-18T21:59:47.851027,estk_ca135834b3afa8ae4641ef307a4855e5,evt_ca135834b3afa8ae,CJ McCollum,NBA,31.1,31.1,0,0,6.1900,5.9600,7.8100,
$500 NBA Daily 8/18,2020-08-18T21:59:47.851031,estk_ca135834b3afa8ae6e1b2c66fb087a89,evt_ca135834b3afa8ae,Danilo Gallinari,NBA,28.03,28.03,0,0,5.5200,5.3400,7.1300,
$500 NBA Daily 8/18,2020-08-18T21:59:47.851035,estk_ca135834b3afa8ae2e7d4bf632563918,evt_ca135834b3afa8ae,Robert Covington,NBA,25.75,25.75,0,0,5.1300,4.8300,6.7300,
$500 NBA Daily 8/18,2020-08-18T21:59:47.851039,estk_ca135834b3afa8aece8e428feaa184fb,evt_ca135834b3afa8ae,Dennis Schroder,NBA,25.46,25.46,0,0,5.0900,4.7800,6.6900,
$500 NBA Daily 8/18,2020-08-18T21:59:47.851043,estk_ca135834b3afa8ae6a7e9a693923060b,evt_ca135834b3afa8ae,Carmelo Anthony,NBA,24.52,24.52,0,0,4.8700,4.6100,6.4700,
$500 NBA Daily 8/18,2020-08-18T21:59:47.851047,estk_ca135834b3afa8ae31303064abb30322,evt_ca135834b3afa8ae,Hassan Whiteside,NBA,24.14,24.14,0,0,4.7200,4.5000,6.3100,
$500 NBA Daily 8/18,2020-08-18T21:59:47.851051,estk_ca135834b3afa8aeebfb1a44ae619e2e,evt_ca135834b3afa8ae,Kyle Kuzma,NBA,20.3,20.3,0,0,4.1700,3.9000,5.7500,
$500 NBA Daily 8/18,2020-08-18T21:59:47.851055,estk_ca135834b3afa8ae0b04a4c808a880c2,evt_ca135834b3afa8ae,Gary Trent,NBA,20.47,20.47,0,0,4.1600,3.8600,5.7400,
$500 NBA Daily 8/18,2020-08-18T21:59:47.851059,estk_ca135834b3afa8aef2b631af853210c3,evt_ca135834b3afa8ae,Kentavious Caldwell-Pope,NBA,19.74,19.74,0,0,4.0200,3.8600,5.6000,
$500 NBA Daily 8/18,2020-08-18T21:59:47.851063,estk_ca135834b3afa8aebb2265938b36951f,evt_ca135834b3afa8ae,P.J. Tucker,NBA,19.39,19.39,0,0,4.0100,3.7700,5.5900,
$500 NBA Daily 8/18,2020-08-18T21:59:47.851067,estk_ca135834b3afa8ae7e274b6cb95b0d20,evt_ca135834b3afa8ae,Danuel House,NBA,18.5,18.5,0,0,3.8700,3.5800,5.4500,
$500 NBA Daily 8/18,2020-08-18T21:59:47.851070,estk_ca135834b3afa8aec7f79998d02ebada,evt_ca135834b3afa8ae,Danny Green,NBA,18.61,18.61,0,0,3.8600,3.6800,5.4400,
$500 NBA Daily 8/18,2020-08-18T21:59:47.851074,estk_ca135834b3afa8aec3a200d16d9a3fa2,evt_ca135834b3afa8ae,JaVale McGee,NBA,18.4,18.4,0,0,3.8400,3.6000,5.4200,
$500 NBA Daily 8/18,2020-08-18T21:59:47.851078,estk_ca135834b3afa8ae0b5bea604e9b515d,evt_ca135834b3afa8ae,Nerlens Noel,NBA,18.33,18.33,0,0,3.8300,3.6000,5.4100,
$500 NBA Daily 8/18,2020-08-18T21:59:47.851082,estk_ca135834b3afa8ae9e314ab9e97d6d4e,evt_ca135834b3afa8ae,Eric Gordon,NBA,17.04,17.04,0,0,3.6700,3.4900,5.2400,
$500 NBA Daily 8/18,2020-08-18T21:59:47.851086,estk_ca135834b3afa8aed086e77c2f7fd9b3,evt_ca135834b3afa8ae,Hamidou Diallo,NBA,16.34,16.34,0,0,3.5000,3.4800,5.0700,
$500 NBA Daily 8/18,2020-08-18T21:59:47.851089,estk_ca135834b3afa8aecc5df41068f20fef,evt_ca135834b3afa8ae,Alex Caruso,NBA,16.12,16.12,0,0,3.4900,3.3500,5.0600,
$500 NBA Daily 8/18,2020-08-18T21:59:47.851093,estk_ca135834b3afa8ae835e4cb9b4f65e3b,evt_ca135834b3afa8ae,Jeff Green,NBA,15.46,15.46,0,0,3.4500,3.2200,5.0200,
$500 NBA Daily 8/18,2020-08-18T21:59:47.851096,estk_ca135834b3afa8aed5d16483f5148c0b,evt_ca135834b3afa8ae,Darius Bazley,NBA,15.11,15.11,0,0,3.3800,3.2600,4.9500,
$500 NBA Daily 8/18,2020-08-18T21:59:47.851100,estk_ca135834b3afa8aea8ff2d0160121c76,evt_ca135834b3afa8ae,Dwight Howard,NBA,14.35,14.35,0,0,3.3000,3.0500,4.8700,
$500 NBA Daily 8/18,2020-08-18T21:59:47.851104,estk_ca135834b3afa8ae81cf003a81460da1,evt_ca135834b3afa8ae,Markieff Morris,NBA,11.53,11.53,0,0,2.9200,2.8700,4.4800,
$500 NBA Daily 8/18,2020-08-18T21:59:47.851108,estk_ca135834b3afa8ae509298b2fe7937b1,evt_ca135834b3afa8ae,Dion Waiters,NBA,9.83,9.83,0,0,2.7900,2.7500,4.3500,
$500 NBA Daily 8/18,2020-08-18T21:59:47.851112,estk_ca135834b3afa8ae19f5682bdf2d2680,evt_ca135834b3afa8ae,DeMarre Carroll,NBA,10.13,10.13,0,0,2.7700,2.7800,4.3300,
$500 NBA Daily 8/18,2020-08-18T21:59:47.851116,estk_ca135834b3afa8ae8030cd645d385adc,evt_ca135834b3afa8ae,Wenyen Gabriel,NBA,9.36,9.36,0,0,2.6800,2.6500,4.2300,
$500 NBA Daily 8/18,2020-08-18T22:41:48.084566,estk_ca135834b3afa8ae998cf3066566c393,evt_ca135834b3afa8ae,James Harden,NBA,53.04,52.51,0,0.01,12.0400,9.5500,13.9300,7.6100
$500 NBA Daily 8/18,2020-08-18T22:41:48.084584,estk_ca135834b3afa8ae86ea8af848cca3f6,evt_ca135834b3afa8ae,Chris Paul,NBA,40.85,40.44,0,0.01,8.4800,7.9900,10.2600,6.8100
$500 NBA Daily 8/18,2020-08-18T22:41:48.084588,estk_ca135834b3afa8ae4d546eba965e40a0,evt_ca135834b3afa8ae,Steven Adams,NBA,33.86,33.52,0,0.01,6.7500,6.6800,8.5000,5.1200
$500 NBA Daily 8/18,2020-08-18T22:41:48.084595,estk_ca135834b3afa8ae33aee19dae855240,evt_ca135834b3afa8ae,Shai Gilgeous-Alexander,NBA,31.57,30.75,-0.5,0.01,6.1700,6.1000,7.9400,4.6000
$500 NBA Daily 8/18,2020-08-18T22:41:48.084600,estk_ca135834b3afa8ae6e1b2c66fb087a89,evt_ca135834b3afa8ae,Danilo Gallinari,NBA,28.03,27.75,0,0.01,5.4400,5.3400,7.1300,3.8800
$500 NBA Daily 8/18,2020-08-18T22:41:48.084604,estk_ca135834b3afa8ae2e7d4bf632563918,evt_ca135834b3afa8ae,Robert Covington,NBA,25.75,25.49,0,0.01,5.0300,4.8300,6.7300,6.2300
$500 NBA Daily 8/18,2020-08-18T22:41:48.084608,estk_ca135834b3afa8aece8e428feaa184fb,evt_ca135834b3afa8ae,Dennis Schroder,NBA,25.46,25.21,0,0.01,4.9700,4.7800,6.6900,3.3700
$500 NBA Daily 8/18,2020-08-18T22:41:48.084667,estk_ca135834b3afa8aebb2265938b36951f,evt_ca135834b3afa8ae,P.J. Tucker,NBA,19.39,20.45,1.25,0.01,4.0900,3.7700,5.5900,5.0900
$500 NBA Daily 8/18,2020-08-18T22:41:48.084674,estk_ca135834b3afa8ae0b5bea604e9b515d,evt_ca135834b3afa8ae,Nerlens Noel,NBA,18.33,18.15,0,0.01,3.8800,3.6000,5.4100,2.3000
$500 NBA Daily 8/18,2020-08-18T22:41:48.084682,estk_ca135834b3afa8ae7e274b6cb95b0d20,evt_ca135834b3afa8ae,Danuel House,NBA,18.5,18.32,0,0.01,3.8000,3.5800,5.4500,4.9500
$500 NBA Daily 8/18,2020-08-18T22:41:48.084686,estk_ca135834b3afa8ae9e314ab9e97d6d4e,evt_ca135834b3afa8ae,Eric Gordon,NBA,17.04,16.87,0,0.01,3.7000,3.4900,5.2400,4.5800
$500 NBA Daily 8/18,2020-08-18T22:41:48.084693,estk_ca135834b3afa8aed086e77c2f7fd9b3,evt_ca135834b3afa8ae,Hamidou Diallo,NBA,16.34,16.18,0,0.01,3.5200,3.4800,5.0700,3.8800
$500 NBA Daily 8/18,2020-08-18T22:41:48.084698,estk_ca135834b3afa8aed5d16483f5148c0b,evt_ca135834b3afa8ae,Darius Bazley,NBA,15.11,14.96,0,0.01,3.3800,3.2600,4.9500,4.4500
$500 NBA Daily 8/18,2020-08-18T22:41:48.084701,estk_ca135834b3afa8ae835e4cb9b4f65e3b,evt_ca135834b3afa8ae,Jeff Green,NBA,15.46,15.31,0,0.01,3.3700,3.2200,5.0200,4.5200
$500 NBA Daily 8/18,2020-08-18T22:41:48.084720,estk_ca135834b3afa8ae19f5682bdf2d2680,evt_ca135834b3afa8ae,DeMarre Carroll,NBA,10.13,10.03,0,0.01,2.7500,2.7800,4.3300,3.8300
$500 NBA Daily 8/18,2020-08-18T22:47:52.127682,estk_ca135834b3afa8ae998cf3066566c393,evt_ca135834b3afa8ae,James Harden,NBA,53.04,50.8,2,0.08,11.9000,9.5500,13.9300,10.3600
$500 NBA Daily 8/18,2020-08-18T22:47:52.127699,estk_ca135834b3afa8ae86ea8af848cca3f6,evt_ca135834b3afa8ae,Chris Paul,NBA,40.85,40.08,2.5,0.08,8.5000,7.9900,10.2600,6.9000
$500 NBA Daily 8/18,2020-08-18T22:47:52.127703,estk_ca135834b3afa8ae4d546eba965e40a0,evt_ca135834b3afa8ae,Steven Adams,NBA,33.86,35.15,4,0.08,6.8900,6.6800,8.5000,5.1500
$500 NBA Daily 8/18,2020-08-18T22:47:52.127710,estk_ca135834b3afa8ae33aee19dae855240,evt_ca135834b3afa8ae,Shai Gilgeous-Alexander,NBA,31.57,28.04,-1,0.08,6.1400,6.1000,7.9400,4.6000
$500 NBA Daily 8/18,2020-08-18T22:47:52.127715,estk_ca135834b3afa8ae6e1b2c66fb087a89,evt_ca135834b3afa8ae,Danilo Gallinari,NBA,28.03,27.79,2,0.08,5.9400,5.3400,7.1300,4.3500
$500 NBA Daily 8/18,2020-08-18T22:47:52.127719,estk_ca135834b3afa8aece8e428feaa184fb,evt_ca135834b3afa8ae,Dennis Schroder,NBA,25.46,23.42,0,0.08,5.0600,4.7800,6.6900,3.3700
$500 NBA Daily 8/18,2020-08-18T22:47:52.127723,estk_ca135834b3afa8ae2e7d4bf632563918,evt_ca135834b3afa8ae,Robert Covington,NBA,25.75,26.94,3.25,0.08,5.0500,4.8300,6.7300,3.5500
$500 NBA Daily 8/18,2020-08-18T22:47:52.127738,estk_ca135834b3afa8aebb2265938b36951f,evt_ca135834b3afa8ae,P.J. Tucker,NBA,19.39,25.09,7.25,0.08,4.1700,3.7700,5.5900,2.5800
$500 NBA Daily 8/18,2020-08-18T22:47:52.127749,estk_ca135834b3afa8ae7e274b6cb95b0d20,evt_ca135834b3afa8ae,Danuel House,NBA,18.5,19.27,2.25,0.08,3.8700,3.5800,5.4500,2.2700
$500 NBA Daily 8/18,2020-08-18T22:47:52.127762,estk_ca135834b3afa8ae0b5bea604e9b515d,evt_ca135834b3afa8ae,Nerlens Noel,NBA,18.33,16.86,0,0.08,3.7100,3.6000,5.4100,2.3000
$500 NBA Daily 8/18,2020-08-18T22:47:52.127766,estk_ca135834b3afa8ae9e314ab9e97d6d4e,evt_ca135834b3afa8ae,Eric Gordon,NBA,17.04,15.93,0.25,0.08,3.5600,3.4900,5.2400,2.3000
$500 NBA Daily 8/18,2020-08-18T22:47:52.127770,estk_ca135834b3afa8aed086e77c2f7fd9b3,evt_ca135834b3afa8ae,Hamidou Diallo,NBA,16.34,15.03,0,0.08,3.5200,3.4800,5.0700,2.4800
$500 NBA Daily 8/18,2020-08-18T22:47:52.127778,estk_ca135834b3afa8aed5d16483f5148c0b,evt_ca135834b3afa8ae,Darius Bazley,NBA,15.11,13.9,0,0.08,3.4200,3.2600,4.9500,2.4800
$500 NBA Daily 8/18,2020-08-18T22:47:52.127782,estk_ca135834b3afa8ae835e4cb9b4f65e3b,evt_ca135834b3afa8ae,Jeff Green,NBA,15.46,14.22,0,0.08,3.3700,3.2200,5.0200,2.2400
$500 NBA Daily 8/18,2020-08-18T22:47:52.127793,estk_ca135834b3afa8ae19f5682bdf2d2680,evt_ca135834b3afa8ae,DeMarre Carroll,NBA,10.13,9.32,0,0.08,2.7900,2.7800,4.3300,1.4300
$500 NBA Daily 8/18,2020-08-18T22:48:52.808068,estk_ca135834b3afa8ae998cf3066566c393,evt_ca135834b3afa8ae,James Harden,NBA,53.04,49.24,1.5,0.1,11.6400,9.5500,13.3700,10.3600
$500 NBA Daily 8/18,2020-08-18T22:48:52.808086,estk_ca135834b3afa8ae86ea8af848cca3f6,evt_ca135834b3afa8ae,Chris Paul,NBA,40.85,40.02,3.25,0.1,8.5200,7.9900,10.2600,6.9000
$500 NBA Daily 8/18,2020-08-18T22:48:52.808090,estk_ca135834b3afa8ae4d546eba965e40a0,evt_ca135834b3afa8ae,Steven Adams,NBA,33.86,36.47,6,0.1,7.1000,6.6800,8.5000,5.4600
$500 NBA Daily 8/18,2020-08-18T22:48:52.808097,estk_ca135834b3afa8ae33aee19dae855240,evt_ca135834b3afa8ae,Shai Gilgeous-Alexander,NBA,31.57,28.66,0.25,0.1,5.5400,6.1000,7.9400,4.6000
$500 NBA Daily 8/18,2020-08-18T22:48:52.808102,estk_ca135834b3afa8ae6e1b2c66fb087a89,evt_ca135834b3afa8ae,Danilo Gallinari,NBA,28.03,30.73,5.5,0.1,5.4800,5.3400,7.1300,4.3500
$500 NBA Daily 8/18,2020-08-18T22:48:52.808106,estk_ca135834b3afa8ae2e7d4bf632563918,evt_ca135834b3afa8ae,Robert Covington,NBA,25.75,25.93,2.75,0.1,5.3200,4.8300,6.7300,3.7100
$500 NBA Daily 8/18,2020-08-18T22:48:52.808117,estk_ca135834b3afa8aebb2265938b36951f,evt_ca135834b3afa8ae,P.J. Tucker,NBA,19.39,25.95,8.5,0.1,4.9100,3.7700,,2.5800
$500 NBA Daily 8/18,2020-08-18T22:48:52.808121,estk_ca135834b3afa8aece8e428feaa184fb,evt_ca135834b3afa8ae,Dennis Schroder,NBA,25.46,22.91,0,0.1,4.5800,4.7800,6.6900,3.3700
$500 NBA Daily 8/18,2020-08-18T22:48:52.808143,estk_ca135834b3afa8ae7e274b6cb95b0d20,evt_ca135834b3afa8ae,Danuel House,NBA,18.5,18.4,1.75,0.1,3.8900,3.5800,5.4500,2.3100
$500 NBA Daily 8/18,2020-08-18T22:48:52.808150,estk_ca135834b3afa8ae0b5bea604e9b515d,evt_ca135834b3afa8ae,Nerlens Noel,NBA,18.33,16.5,0,0.1,3.5100,3.6000,5.4100,2.3000
$500 NBA Daily 8/18,2020-08-18T22:48:52.808158,estk_ca135834b3afa8ae9e314ab9e97d6d4e,evt_ca135834b3afa8ae,Eric Gordon,NBA,17.04,15.59,0.25,0.1,3.3300,3.4900,5.2400,2.3000
$500 NBA Daily 8/18,2020-08-18T22:48:52.808162,estk_ca135834b3afa8aed086e77c2f7fd9b3,evt_ca135834b3afa8ae,Hamidou Diallo,NBA,16.34,14.71,0,0.1,3.2200,3.4800,5.0700,1.9800
$500 NBA Daily 8/18,2020-08-18T22:48:52.808166,estk_ca135834b3afa8ae835e4cb9b4f65e3b,evt_ca135834b3afa8ae,Jeff Green,NBA,15.46,13.91,0,0.1,3.1300,3.2200,5.0200,2.2400
$500 NBA Daily 8/18,2020-08-18T22:48:52.808170,estk_ca135834b3afa8aed5d16483f5148c0b,evt_ca135834b3afa8ae,Darius Bazley,NBA,15.11,13.6,0,0.1,3.1200,3.2600,4.9500,2.2400
$500 NBA Daily 8/18,2020-08-18T22:48:52.808185,estk_ca135834b3afa8ae19f5682bdf2d2680,evt_ca135834b3afa8ae,DeMarre Carroll,NBA,10.13,9.12,0,0.1,2.5500,2.7800,4.3300,1.4300
$500 NBA Daily 8/18,2020-08-18T22:53:56.307652,estk_ca135834b3afa8ae998cf3066566c393,evt_ca135834b3afa8ae,James Harden,NBA,53.04,52.21,5,0.11,11.3200,9.5500,13.3700,10.1800
$500 NBA Daily 8/18,2020-08-18T22:53:56.307670,estk_ca135834b3afa8ae86ea8af848cca3f6,evt_ca135834b3afa8ae,Chris Paul,NBA,40.85,39.61,3.25,0.11,8.5100,7.9900,10.2600,6.9000
$500 NBA Daily 8/18,2020-08-18T22:53:56.307674,estk_ca135834b3afa8ae4d546eba965e40a0,evt_ca135834b3afa8ae,Steven Adams,NBA,33.86,37.14,7,0.11,7.4700,6.6800,9.0700,5.8400
$500 NBA Daily 8/18,2020-08-18T22:53:56.307681,estk_ca135834b3afa8ae33aee19dae855240,evt_ca135834b3afa8ae,Shai Gilgeous-Alexander,NBA,31.57,30.35,2.25,0.11,6.1200,6.1000,7.7000,4.6000
$500 NBA Daily 8/18,2020-08-18T22:53:56.307685,estk_ca135834b3afa8ae6e1b2c66fb087a89,evt_ca135834b3afa8ae,Danilo Gallinari,NBA,28.03,30.45,5.5,0.11,5.9600,5.3400,7.7100,4.3500
$500 NBA Daily 8/18,2020-08-18T22:53:56.307689,estk_ca135834b3afa8aebb2265938b36951f,evt_ca135834b3afa8ae,P.J. Tucker,NBA,19.39,27.76,10.5,0.11,5.3600,3.7700,6.6900,3.4900
$500 NBA Daily 8/18,2020-08-18T22:53:56.307701,estk_ca135834b3afa8ae2e7d4bf632563918,evt_ca135834b3afa8ae,Robert Covington,NBA,25.75,23.67,0.75,0.11,4.5900,4.8300,6.1800,3.7100
$500 NBA Daily 8/18,2020-08-18T22:53:56.307705,estk_ca135834b3afa8aece8e428feaa184fb,evt_ca135834b3afa8ae,Dennis Schroder,NBA,25.46,22.66,0,0.11,4.3900,4.7800,6.0800,3.3700
$500 NBA Daily 8/18,2020-08-18T22:53:56.307726,estk_ca135834b3afa8ae7e274b6cb95b0d20,evt_ca135834b3afa8ae,Danuel House,NBA,18.5,19.71,3.25,0.11,3.6400,3.5800,5.4500,2.3100
$500 NBA Daily 8/18,2020-08-18T22:53:56.307734,estk_ca135834b3afa8ae0b5bea604e9b515d,evt_ca135834b3afa8ae,Nerlens Noel,NBA,18.33,16.31,0,0.11,3.4300,3.6000,5.4100,2.3000
$500 NBA Daily 8/18,2020-08-18T22:53:56.307741,estk_ca135834b3afa8ae9e314ab9e97d6d4e,evt_ca135834b3afa8ae,Eric Gordon,NBA,17.04,15.42,0.25,0.11,3.2800,3.4900,5.2400,2.3000
$500 NBA Daily 8/18,2020-08-18T22:53:56.307745,estk_ca135834b3afa8aed086e77c2f7fd9b3,evt_ca135834b3afa8ae,Hamidou Diallo,NBA,16.34,14.54,0,0.11,3.1700,3.4800,5.0700,1.9800
$500 NBA Daily 8/18,2020-08-18T22:53:56.307749,estk_ca135834b3afa8ae835e4cb9b4f65e3b,evt_ca135834b3afa8ae,Jeff Green,NBA,15.46,13.76,0,0.11,3.0800,3.2200,5.0200,2.2400
$500 NBA Daily 8/18,2020-08-18T22:53:56.307753,estk_ca135834b3afa8aed5d16483f5148c0b,evt_ca135834b3afa8ae,Darius Bazley,NBA,15.11,13.45,0,0.11,3.0300,3.2600,4.9500,1.9800
$500 NBA Daily 8/18,2020-08-18T22:53:56.307767,estk_ca135834b3afa8ae19f5682bdf2d2680,evt_ca135834b3afa8ae,DeMarre Carroll,NBA,10.13,9.02,0,0.11,2.4700,2.7800,4.3300,1.4300
$500 NBA Daily 8/18,2020-08-18T22:54:57.007640,estk_ca135834b3afa8ae998cf3066566c393,evt_ca135834b3afa8ae,James Harden,NBA,53.04,51.68,5,0.12,12.1400,9.5500,13.8800,10.1800
$500 NBA Daily 8/18,2020-08-18T22:54:57.007657,estk_ca135834b3afa8ae86ea8af848cca3f6,evt_ca135834b3afa8ae,Chris Paul,NBA,40.85,39.2,3.25,0.12,8.2600,7.9900,10.2600,6.9000
$500 NBA Daily 8/18,2020-08-18T22:54:57.007661,estk_ca135834b3afa8ae4d546eba965e40a0,evt_ca135834b3afa8ae,Steven Adams,NBA,33.86,36.8,7,0.12,7.6100,6.6800,9.0700,5.8400
$500 NBA Daily 8/18,2020-08-18T22:54:57.007669,estk_ca135834b3afa8ae33aee19dae855240,evt_ca135834b3afa8ae,Shai Gilgeous-Alexander,NBA,31.57,30.03,2.25,0.12,5.9600,6.1000,7.7000,4.6000
$500 NBA Daily 8/18,2020-08-18T22:54:57.007673,estk_ca135834b3afa8ae6e1b2c66fb087a89,evt_ca135834b3afa8ae,Danilo Gallinari,NBA,28.03,30.17,5.5,0.12,5.8600,5.3400,7.7100,4.3500
$500 NBA Daily 8/18,2020-08-18T22:54:57.007677,estk_ca135834b3afa8aebb2265938b36951f,evt_ca135834b3afa8ae,P.J. Tucker,NBA,19.39,27.56,10.5,0.12,5.3100,3.7700,6.6900,3.4900
$500 NBA Daily 8/18,2020-08-18T22:54:57.007689,estk_ca135834b3afa8ae2e7d4bf632563918,evt_ca135834b3afa8ae,Robert Covington,NBA,25.75,23.41,0.75,0.12,4.5300,4.8300,6.1800,3.5500
$500 NBA Daily 8/18,2020-08-18T22:54:57.007692,estk_ca135834b3afa8aece8e428feaa184fb,evt_ca135834b3afa8ae,Dennis Schroder,NBA,25.46,22.4,0,0.12,4.3500,4.7800,6.0800,3.3700
$500 NBA Daily 8/18,2020-08-18T22:54:57.007714,estk_ca135834b3afa8ae7e274b6cb95b0d20,evt_ca135834b3afa8ae,Danuel House,NBA,18.5,19.53,3.25,0.12,3.8200,3.5800,5.4500,2.3100
$500 NBA Daily 8/18,2020-08-18T22:54:57.007721,estk_ca135834b3afa8ae0b5bea604e9b515d,evt_ca135834b3afa8ae,Nerlens Noel,NBA,18.33,16.13,0,0.12,3.4000,3.6000,5.4100,2.3000
$500 NBA Daily 8/18,2020-08-18T22:54:57.007729,estk_ca135834b3afa8ae9e314ab9e97d6d4e,evt_ca135834b3afa8ae,Eric Gordon,NBA,17.04,15.25,0.25,0.12,3.2000,3.4900,5.2400,2.3000
$500 NBA Daily 8/18,2020-08-18T22:54:57.007733,estk_ca135834b3afa8aed086e77c2f7fd9b3,evt_ca135834b3afa8ae,Hamidou Diallo,NBA,16.34,14.38,0,0.12,3.1400,3.4800,5.0700,1.9800
$500 NBA Daily 8/18,2020-08-18T22:54:57.007736,estk_ca135834b3afa8ae835e4cb9b4f65e3b,evt_ca135834b3afa8ae,Jeff Green,NBA,15.46,13.6,0,0.12,3.0100,3.2200,5.0200,1.8600
$500 NBA Daily 8/18,2020-08-18T22:54:57.007740,estk_ca135834b3afa8aed5d16483f5148c0b,evt_ca135834b3afa8ae,Darius Bazley,NBA,15.11,13.3,0,0.12,2.9600,3.2600,4.9500,1.9800
$500 NBA Daily 8/18,2020-08-18T22:54:57.007754,estk_ca135834b3afa8ae19f5682bdf2d2680,evt_ca135834b3afa8ae,DeMarre Carroll,NBA,10.13,8.91,0,0.12,2.5200,2.7800,4.3300,1.4300
$500 NBA Daily 8/18,2020-08-18T22:55:57.775704,estk_ca135834b3afa8ae998cf3066566c393,evt_ca135834b3afa8ae,James Harden,NBA,53.04,51.14,5,0.13,12.1400,9.5500,13.8800,10.1800
$500 NBA Daily 8/18,2020-08-18T22:55:57.775721,estk_ca135834b3afa8ae86ea8af848cca3f6,evt_ca135834b3afa8ae,Chris Paul,NBA,40.85,38.79,3.25,0.13,8.2600,7.9900,10.2600,6.9000
$500 NBA Daily 8/18,2020-08-18T22:55:57.775725,estk_ca135834b3afa8ae4d546eba965e40a0,evt_ca135834b3afa8ae,Steven Adams,NBA,33.86,37.21,7.75,0.13,7.6100,6.6800,9.0700,5.8400
$500 NBA Daily 8/18,2020-08-18T22:55:57.775732,estk_ca135834b3afa8ae33aee19dae855240,evt_ca135834b3afa8ae,Shai Gilgeous-Alexander,NBA,31.57,29.72,2.25,0.13,5.9600,6.1000,7.7000,4.6000
$500 NBA Daily 8/18,2020-08-18T22:55:57.775736,estk_ca135834b3afa8ae6e1b2c66fb087a89,evt_ca135834b3afa8ae,Danilo Gallinari,NBA,28.03,29.89,5.5,0.13,5.8600,5.3400,7.7100,4.3500
$500 NBA Daily 8/18,2020-08-18T22:55:57.775740,estk_ca135834b3afa8aebb2265938b36951f,evt_ca135834b3afa8ae,P.J. Tucker,NBA,19.39,27.37,10.5,0.13,5.3100,3.7700,6.6900,3.4900
$500 NBA Daily 8/18,2020-08-18T22:55:57.775752,estk_ca135834b3afa8ae2e7d4bf632563918,evt_ca135834b3afa8ae,Robert Covington,NBA,25.75,25.15,2.75,0.13,4.5300,4.8300,6.1800,3.5500
$500 NBA Daily 8/18,2020-08-18T22:55:57.775756,estk_ca135834b3afa8aece8e428feaa184fb,evt_ca135834b3afa8ae,Dennis Schroder,NBA,25.46,21.65,-0.5,0.13,4.3500,4.7800,6.0800,3.3700
$500 NBA Daily 8/18,2020-08-18T22:55:57.775777,estk_ca135834b3afa8ae7e274b6cb95b0d20,evt_ca135834b3afa8ae,Danuel House,NBA,18.5,20.84,4.75,0.13,3.8200,3.5800,5.4500,2.3100
$500 NBA Daily 8/18,2020-08-18T22:55:57.775785,estk_ca135834b3afa8ae0b5bea604e9b515d,evt_ca135834b3afa8ae,Nerlens Noel,NBA,18.33,15.95,0,0.13,3.4000,3.6000,5.4100,2.3000
$500 NBA Daily 8/18,2020-08-18T22:55:57.775792,estk_ca135834b3afa8ae9e314ab9e97d6d4e,evt_ca135834b3afa8ae,Eric Gordon,NBA,17.04,15.07,0.25,0.13,3.2000,3.4900,5.2400,2.3000
$500 NBA Daily 8/18,2020-08-18T22:55:57.775796,estk_ca135834b3afa8aed086e77c2f7fd9b3,evt_ca135834b3afa8ae,Hamidou Diallo,NBA,16.34,14.22,0,0.13,3.1400,3.4800,5.0700,1.9800
$500 NBA Daily 8/18,2020-08-18T22:55:57.775800,estk_ca135834b3afa8ae835e4cb9b4f65e3b,evt_ca135834b3afa8ae,Jeff Green,NBA,15.46,12.95,-0.5,0.13,3.0100,3.2200,5.0200,1.8600
$500 NBA Daily 8/18,2020-08-18T22:55:57.775804,estk_ca135834b3afa8aed5d16483f5148c0b,evt_ca135834b3afa8ae,Darius Bazley,NBA,15.11,13.15,0,0.13,2.9600,3.2600,4.9500,1.9800
$500 NBA Daily 8/18,2020-08-18T22:55:57.775818,estk_ca135834b3afa8ae19f5682bdf2d2680,evt_ca135834b3afa8ae,DeMarre Carroll,NBA,10.13,8.81,0,0.13,2.5200,2.7800,4.3300,1.4300
$500 NBA Daily 8/18,2020-08-18T22:56:58.416199,estk_ca135834b3afa8ae998cf3066566c393,evt_ca135834b3afa8ae,James Harden,NBA,53.04,50.83,5.75,0.15,11.8500,9.5500,13.8800,10.1800
$500 NBA Daily 8/18,2020-08-18T22:56:58.416216,estk_ca135834b3afa8ae86ea8af848cca3f6,evt_ca135834b3afa8ae,Chris Paul,NBA,40.85,38.72,4,0.15,8.0600,7.9900,9.6800,6.9000
$500 NBA Daily 8/18,2020-08-18T22:56:58.416220,estk_ca135834b3afa8ae4d546eba965e40a0,evt_ca135834b3afa8ae,Steven Adams,NBA,33.86,37.78,9,0.15,7.7900,6.6800,9.0700,6.1300
$500 NBA Daily 8/18,2020-08-18T22:56:58.416227,estk_ca135834b3afa8ae6e1b2c66fb087a89,evt_ca135834b3afa8ae,Danilo Gallinari,NBA,28.03,29.33,5.5,0.15,5.8200,5.3400,7.7100,4.3500
$500 NBA Daily 8/18,2020-08-18T22:56:58.416231,estk_ca135834b3afa8ae33aee19dae855240,evt_ca135834b3afa8ae,Shai Gilgeous-Alexander,NBA,31.57,29.08,2.25,0.15,5.7900,6.1000,7.7000,4.6000
$500 NBA Daily 8/18,2020-08-18T22:56:58.416235,estk_ca135834b3afa8aebb2265938b36951f,evt_ca135834b3afa8ae,P.J. Tucker,NBA,19.39,26.98,10.5,0.15,5.3400,3.7700,6.6900,3.6700
$500 NBA Daily 8/18,2020-08-18T22:56:58.416247,estk_ca135834b3afa8ae2e7d4bf632563918,evt_ca135834b3afa8ae,Robert Covington,NBA,25.75,24.64,2.75,0.15,4.8900,4.8300,6.1800,3.5500
$500 NBA Daily 8/18,2020-08-18T22:56:58.416257,estk_ca135834b3afa8aece8e428feaa184fb,evt_ca135834b3afa8ae,Dennis Schroder,NBA,25.46,20.64,-1,0.15,4.1600,4.7800,6.0800,3.3100
$500 NBA Daily 8/18,2020-08-18T22:56:58.416265,estk_ca135834b3afa8ae7e274b6cb95b0d20,evt_ca135834b3afa8ae,Danuel House,NBA,18.5,19.98,4.25,0.15,4.0900,3.5800,5.4500,2.4400
$500 NBA Daily 8/18,2020-08-18T22:56:58.416283,estk_ca135834b3afa8ae0b5bea604e9b515d,evt_ca135834b3afa8ae,Nerlens Noel,NBA,18.33,15.58,0,0.15,3.3100,3.6000,4.8200,2.3000
$500 NBA Daily 8/18,2020-08-18T22:56:58.416286,estk_ca135834b3afa8ae9e314ab9e97d6d4e,evt_ca135834b3afa8ae,Eric Gordon,NBA,17.04,14.73,0.25,0.15,3.1700,3.4900,4.7300,2.3000
$500 NBA Daily 8/18,2020-08-18T22:56:58.416290,estk_ca135834b3afa8aed086e77c2f7fd9b3,evt_ca135834b3afa8ae,Hamidou Diallo,NBA,16.34,13.89,0,0.15,3.0900,3.4800,5.0700,1.9800
$500 NBA Daily 8/18,2020-08-18T22:56:58.416298,estk_ca135834b3afa8aed5d16483f5148c0b,evt_ca135834b3afa8ae,Darius Bazley,NBA,15.11,12.84,0,0.15,2.9300,3.2600,4.9500,1.9800
$500 NBA Daily 8/18,2020-08-18T22:56:58.416301,estk_ca135834b3afa8ae835e4cb9b4f65e3b,evt_ca135834b3afa8ae,Jeff Green,NBA,15.46,12.64,-0.5,0.15,2.9000,3.2200,4.4600,1.8600
$500 NBA Daily 8/18,2020-08-18T22:56:58.416312,estk_ca135834b3afa8ae19f5682bdf2d2680,evt_ca135834b3afa8ae,DeMarre Carroll,NBA,10.13,8.61,0,0.15,2.4400,2.7800,4.3300,1.4300
$500 NBA Daily 8/18,2020-08-18T22:58:59.747039,estk_ca135834b3afa8ae998cf3066566c393,evt_ca135834b3afa8ae,James Harden,NBA,53.04,50.3,5.75,0.16,11.8100,9.5500,13.8800,10.1800
$500 NBA Daily 8/18,2020-08-18T22:58:59.747056,estk_ca135834b3afa8ae86ea8af848cca3f6,evt_ca135834b3afa8ae,Chris Paul,NBA,40.85,39.81,5.5,0.16,8.0500,7.9900,9.6800,6.9000
$500 NBA Daily 8/18,2020-08-18T22:58:59.747060,estk_ca135834b3afa8ae4d546eba965e40a0,evt_ca135834b3afa8ae,Steven Adams,NBA,33.86,37.44,9,0.16,7.8400,6.6800,9.0700,6.1300
$500 NBA Daily 8/18,2020-08-18T22:58:59.747068,estk_ca135834b3afa8ae6e1b2c66fb087a89,evt_ca135834b3afa8ae,Danilo Gallinari,NBA,28.03,29.05,5.5,0.16,5.6800,5.3400,7.7100,4.3500
$500 NBA Daily 8/18,2020-08-18T22:58:59.747073,estk_ca135834b3afa8ae33aee19dae855240,evt_ca135834b3afa8ae,Shai Gilgeous-Alexander,NBA,31.57,28.77,2.25,0.16,5.6500,6.1000,7.7000,4.6000
$500 NBA Daily 8/18,2020-08-18T22:58:59.747076,estk_ca135834b3afa8aebb2265938b36951f,evt_ca135834b3afa8ae,P.J. Tucker,NBA,19.39,26.79,10.5,0.16,5.2400,3.7700,6.6900,3.6700
$500 NBA Daily 8/18,2020-08-18T22:58:59.747088,estk_ca135834b3afa8ae2e7d4bf632563918,evt_ca135834b3afa8ae,Robert Covington,NBA,25.75,25.63,4,0.16,4.7600,4.8300,6.1800,3.5500
$500 NBA Daily 8/18,2020-08-18T22:58:59.747106,estk_ca135834b3afa8aece8e428feaa184fb,evt_ca135834b3afa8ae,Dennis Schroder,NBA,25.46,20.39,-1,0.16,3.9900,4.7800,5.5700,2.9900
$500 NBA Daily 8/18,2020-08-18T22:58:59.747113,estk_ca135834b3afa8ae7e274b6cb95b0d20,evt_ca135834b3afa8ae,Danuel House,NBA,18.5,19.79,4.25,0.16,3.9300,3.5800,5.4500,2.4400
$500 NBA Daily 8/18,2020-08-18T22:58:59.747124,estk_ca135834b3afa8ae0b5bea604e9b515d,evt_ca135834b3afa8ae,Nerlens Noel,NBA,18.33,15.4,0,0.16,3.2300,3.6000,4.8200,2.3000
$500 NBA Daily 8/18,2020-08-18T22:58:59.747128,estk_ca135834b3afa8ae9e314ab9e97d6d4e,evt_ca135834b3afa8ae,Eric Gordon,NBA,17.04,14.56,0.25,0.16,3.1300,3.4900,4.7300,2.1300
$500 NBA Daily 8/18,2020-08-18T22:58:59.747135,estk_ca135834b3afa8aed086e77c2f7fd9b3,evt_ca135834b3afa8ae,Hamidou Diallo,NBA,16.34,13.73,0,0.16,2.9700,3.4800,4.5300,1.9800
$500 NBA Daily 8/18,2020-08-18T22:58:59.747139,estk_ca135834b3afa8ae835e4cb9b4f65e3b,evt_ca135834b3afa8ae,Jeff Green,NBA,15.46,12.49,-0.5,0.16,2.8800,3.2200,4.4600,1.8600
$500 NBA Daily 8/18,2020-08-18T22:58:59.747143,estk_ca135834b3afa8aed5d16483f5148c0b,evt_ca135834b3afa8ae,Darius Bazley,NBA,15.11,12.69,0,0.16,2.8800,3.2600,4.4400,1.9800
$500 NBA Daily 8/18,2020-08-18T22:58:59.747154,estk_ca135834b3afa8ae19f5682bdf2d2680,evt_ca135834b3afa8ae,DeMarre Carroll,NBA,10.13,8.51,0,0.16,2.4300,2.7800,4.3300,1.4300
$500 NBA Daily 8/18,2020-08-18T23:02:01.757442,estk_ca135834b3afa8ae998cf3066566c393,evt_ca135834b3afa8ae,James Harden,NBA,53.04,50.74,7.25,0.18,11.6700,9.5500,13.8800,10.1800
$500 NBA Daily 8/18,2020-08-18T23:02:01.757459,estk_ca135834b3afa8ae86ea8af848cca3f6,evt_ca135834b3afa8ae,Chris Paul,NBA,40.85,39,5.5,0.18,8.4100,7.9900,9.6800,6.9000
$500 NBA Daily 8/18,2020-08-18T23:02:01.757463,estk_ca135834b3afa8ae4d546eba965e40a0,evt_ca135834b3afa8ae,Steven Adams,NBA,33.86,36.77,9,0.18,7.7100,6.6800,9.0700,6.1300
$500 NBA Daily 8/18,2020-08-18T23:02:01.757471,estk_ca135834b3afa8ae6e1b2c66fb087a89,evt_ca135834b3afa8ae,Danilo Gallinari,NBA,28.03,29.48,6.5,0.18,5.6100,5.3400,7.7100,4.3500
$500 NBA Daily 8/18,2020-08-18T23:02:01.757475,estk_ca135834b3afa8ae33aee19dae855240,evt_ca135834b3afa8ae,Shai Gilgeous-Alexander,NBA,31.57,28.14,2.25,0.18,5.5800,6.1000,7.1900,4.6000
$500 NBA Daily 8/18,2020-08-18T23:02:01.757479,estk_ca135834b3afa8aebb2265938b36951f,evt_ca135834b3afa8ae,P.J. Tucker,NBA,19.39,26.4,10.5,0.18,5.1700,3.7700,6.6900,3.6700
$500 NBA Daily 8/18,2020-08-18T23:02:01.757491,estk_ca135834b3afa8ae2e7d4bf632563918,evt_ca135834b3afa8ae,Robert Covington,NBA,25.75,25.12,4,0.18,4.9100,4.8300,6.1800,3.5500
$500 NBA Daily 8/18,2020-08-18T23:02:01.757505,estk_ca135834b3afa8aece8e428feaa184fb,evt_ca135834b3afa8ae,Dennis Schroder,NBA,25.46,21.88,1,0.18,4.0000,4.7800,5.5700,2.9900
$500 NBA Daily 8/18,2020-08-18T23:02:01.757517,estk_ca135834b3afa8ae7e274b6cb95b0d20,evt_ca135834b3afa8ae,Danuel House,NBA,18.5,19.42,4.25,0.18,3.8700,3.5800,5.4500,2.4400
$500 NBA Daily 8/18,2020-08-18T23:02:01.757532,estk_ca135834b3afa8ae0b5bea604e9b515d,evt_ca135834b3afa8ae,Nerlens Noel,NBA,18.33,15.03,0,0.18,3.2100,3.6000,4.8200,2.3000
$500 NBA Daily 8/18,2020-08-18T23:02:01.757535,estk_ca135834b3afa8ae9e314ab9e97d6d4e,evt_ca135834b3afa8ae,Eric Gordon,NBA,17.04,14.22,0.25,0.18,3.0700,3.4900,4.7300,2.1300
$500 NBA Daily 8/18,2020-08-18T23:02:01.757543,estk_ca135834b3afa8aed086e77c2f7fd9b3,evt_ca135834b3afa8ae,Hamidou Diallo,NBA,16.34,13.4,0,0.18,2.9800,3.4800,4.5300,1.9800
$500 NBA Daily 8/18,2020-08-18T23:02:01.757551,estk_ca135834b3afa8aed5d16483f5148c0b,evt_ca135834b3afa8ae,Darius Bazley,NBA,15.11,12.39,0,0.18,2.8400,3.2600,4.4400,1.9800
$500 NBA Daily 8/18,2020-08-18T23:02:01.757555,estk_ca135834b3afa8ae835e4cb9b4f65e3b,evt_ca135834b3afa8ae,Jeff Green,NBA,15.46,13.43,0.75,0.18,2.7600,3.2200,4.4600,1.8600
$500 NBA Daily 8/18,2020-08-18T23:02:01.757562,estk_ca135834b3afa8ae19f5682bdf2d2680,evt_ca135834b3afa8ae,DeMarre Carroll,NBA,10.13,8.31,0,0.18,2.4300,2.7800,4.3300,1.4300
$500 NBA Daily 8/18,2020-08-18T23:04:03.135790,estk_ca135834b3afa8ae998cf3066566c393,evt_ca135834b3afa8ae,James Harden,NBA,53.04,49.68,7.25,0.2,11.8300,9.5500,13.8800,10.1800
$500 NBA Daily 8/18,2020-08-18T23:04:03.135808,estk_ca135834b3afa8ae86ea8af848cca3f6,evt_ca135834b3afa8ae,Chris Paul,NBA,40.85,38.18,5.5,0.2,8.1800,7.9900,9.6800,6.9000
$500 NBA Daily 8/18,2020-08-18T23:04:03.135812,estk_ca135834b3afa8ae4d546eba965e40a0,evt_ca135834b3afa8ae,Steven Adams,NBA,33.86,36.09,9,0.2,7.6300,6.6800,9.0700,6.1300
$500 NBA Daily 8/18,2020-08-18T23:04:03.135819,estk_ca135834b3afa8ae6e1b2c66fb087a89,evt_ca135834b3afa8ae,Danilo Gallinari,NBA,28.03,28.92,6.5,0.2,5.7000,5.3400,7.7100,4.3500
$500 NBA Daily 8/18,2020-08-18T23:04:03.135824,estk_ca135834b3afa8ae33aee19dae855240,evt_ca135834b3afa8ae,Shai Gilgeous-Alexander,NBA,31.57,28.76,3.5,0.2,5.4800,6.1000,7.1900,4.5000
$500 NBA Daily 8/18,2020-08-18T23:04:03.135828,estk_ca135834b3afa8aebb2265938b36951f,evt_ca135834b3afa8ae,P.J. Tucker,NBA,19.39,26.01,10.5,0.2,5.1000,3.7700,6.6900,3.6700
$500 NBA Daily 8/18,2020-08-18T23:04:03.135839,estk_ca135834b3afa8ae2e7d4bf632563918,evt_ca135834b3afa8ae,Robert Covington,NBA,25.75,24.6,4,0.2,4.7700,4.8300,6.1800,3.5500
$500 NBA Daily 8/18,2020-08-18T23:04:03.135853,estk_ca135834b3afa8aece8e428feaa184fb,evt_ca135834b3afa8ae,Dennis Schroder,NBA,25.46,21.37,1,0.2,4.1600,4.7800,5.5700,2.9900
$500 NBA Daily 8/18,2020-08-18T23:04:03.135864,estk_ca135834b3afa8ae7e274b6cb95b0d20,evt_ca135834b3afa8ae,Danuel House,NBA,18.5,19.05,4.25,0.2,3.7400,3.5800,5.4500,2.4400
$500 NBA Daily 8/18,2020-08-18T23:04:03.135875,estk_ca135834b3afa8ae0b5bea604e9b515d,evt_ca135834b3afa8ae,Nerlens Noel,NBA,18.33,14.66,0,0.2,3.1000,3.6000,4.8200,2.2400
$500 NBA Daily 8/18,2020-08-18T23:04:03.135882,estk_ca135834b3afa8ae9e314ab9e97d6d4e,evt_ca135834b3afa8ae,Eric Gordon,NBA,17.04,13.88,0.25,0.2,2.9800,3.4900,4.7300,2.1300
$500 NBA Daily 8/18,2020-08-18T23:04:03.135886,estk_ca135834b3afa8aed086e77c2f7fd9b3,evt_ca135834b3afa8ae,Hamidou Diallo,NBA,16.34,12.57,-0.5,0.2,2.9500,3.4800,4.5300,1.9800
$500 NBA Daily 8/18,2020-08-18T23:04:03.135890,estk_ca135834b3afa8ae835e4cb9b4f65e3b,evt_ca135834b3afa8ae,Jeff Green,NBA,15.46,17.37,5,0.2,2.9000,3.2200,4.4600,1.8600
$500 NBA Daily 8/18,2020-08-18T23:04:03.135902,estk_ca135834b3afa8aed5d16483f5148c0b,evt_ca135834b3afa8ae,Darius Bazley,NBA,15.11,12.09,0,0.2,2.7800,3.2600,4.4400,1.8100
$500 NBA Daily 8/18,2020-08-18T23:04:03.135905,estk_ca135834b3afa8ae19f5682bdf2d2680,evt_ca135834b3afa8ae,DeMarre Carroll,NBA,10.13,8.1,0,0.2,2.3700,2.7800,4.3300,1.4300
$500 NBA Daily 8/18,2020-08-18T23:08:05.784449,estk_ca135834b3afa8ae998cf3066566c393,evt_ca135834b3afa8ae,James Harden,NBA,53.04,49.15,7.25,0.21,11.6700,9.5500,13.2300,10.1800
$500 NBA Daily 8/18,2020-08-18T23:08:05.784467,estk_ca135834b3afa8ae86ea8af848cca3f6,evt_ca135834b3afa8ae,Chris Paul,NBA,40.85,37.77,5.5,0.21,7.9700,7.9900,9.6800,6.9000
$500 NBA Daily 8/18,2020-08-18T23:08:05.784471,estk_ca135834b3afa8ae4d546eba965e40a0,evt_ca135834b3afa8ae,Steven Adams,NBA,33.86,35.75,9,0.21,7.4300,6.6800,9.0700,6.1300
$500 NBA Daily 8/18,2020-08-18T23:08:05.784479,estk_ca135834b3afa8ae33aee19dae855240,evt_ca135834b3afa8ae,Shai Gilgeous-Alexander,NBA,31.57,28.44,3.5,0.21,5.5400,6.1000,7.1900,4.5000
$500 NBA Daily 8/18,2020-08-18T23:08:05.784483,estk_ca135834b3afa8ae6e1b2c66fb087a89,evt_ca135834b3afa8ae,Danilo Gallinari,NBA,28.03,30.64,8.5,0.21,5.5200,5.3400,7.1300,4.3500
$500 NBA Daily 8/18,2020-08-18T23:08:05.784492,estk_ca135834b3afa8ae2e7d4bf632563918,evt_ca135834b3afa8ae,Robert Covington,NBA,25.75,26.34,6,0.21,5.1300,4.8300,6.7300,3.5500
$500 NBA Daily 8/18,2020-08-18T23:08:05.784499,estk_ca135834b3afa8aebb2265938b36951f,evt_ca135834b3afa8ae,P.J. Tucker,NBA,19.39,23.82,8.5,0.21,4.5700,3.7700,6.1600,3.6700
$500 NBA Daily 8/18,2020-08-18T23:08:05.784518,estk_ca135834b3afa8aece8e428feaa184fb,evt_ca135834b3afa8ae,Dennis Schroder,NBA,25.46,20.61,0.5,0.21,4.1000,4.7800,5.5700,2.9900
$500 NBA Daily 8/18,2020-08-18T23:08:05.784525,estk_ca135834b3afa8ae7e274b6cb95b0d20,evt_ca135834b3afa8ae,Danuel House,NBA,18.5,18.87,4.25,0.21,3.7600,3.5800,5.4500,2.4400
$500 NBA Daily 8/18,2020-08-18T23:08:05.784534,estk_ca135834b3afa8ae835e4cb9b4f65e3b,evt_ca135834b3afa8ae,Jeff Green,NBA,15.46,19.21,7,0.21,3.4300,3.2200,5.0500,1.9100
$500 NBA Daily 8/18,2020-08-18T23:08:05.784541,estk_ca135834b3afa8ae0b5bea604e9b515d,evt_ca135834b3afa8ae,Nerlens Noel,NBA,18.33,14.48,0,0.21,3.0400,3.6000,4.8200,2.1800
$500 NBA Daily 8/18,2020-08-18T23:08:05.784549,estk_ca135834b3afa8ae9e314ab9e97d6d4e,evt_ca135834b3afa8ae,Eric Gordon,NBA,17.04,15.71,2.25,0.21,2.9300,3.4900,4.7300,2.0800
$500 NBA Daily 8/18,2020-08-18T23:08:05.784564,estk_ca135834b3afa8aed086e77c2f7fd9b3,evt_ca135834b3afa8ae,Hamidou Diallo,NBA,16.34,12.41,-0.5,0.21,2.8000,3.4800,4.5300,1.9500
$500 NBA Daily 8/18,2020-08-18T23:08:05.784568,estk_ca135834b3afa8aed5d16483f5148c0b,evt_ca135834b3afa8ae,Darius Bazley,NBA,15.11,11.94,0,0.21,2.7400,3.2600,4.4400,1.8100
$500 NBA Daily 8/18,2020-08-18T23:08:05.784571,estk_ca135834b3afa8ae19f5682bdf2d2680,evt_ca135834b3afa8ae,DeMarre Carroll,NBA,10.13,8,0,0.21,2.3400,2.7800,3.8300,1.4300
$500 NBA Daily 8/18,2020-08-18T23:10:06.915379,estk_ca135834b3afa8ae998cf3066566c393,evt_ca135834b3afa8ae,James Harden,NBA,53.04,47.56,7.25,0.24,11.4800,9.5500,13.2300,10.1800
$500 NBA Daily 8/18,2020-08-18T23:10:06.915397,estk_ca135834b3afa8ae86ea8af848cca3f6,evt_ca135834b3afa8ae,Chris Paul,NBA,40.85,37.3,6.25,0.24,7.8600,7.9900,9.6800,6.8400
$500 NBA Daily 8/18,2020-08-18T23:10:06.915400,estk_ca135834b3afa8ae4d546eba965e40a0,evt_ca135834b3afa8ae,Steven Adams,NBA,33.86,40.23,14.5,0.24,7.3300,6.6800,9.0700,6.1300
$500 NBA Daily 8/18,2020-08-18T23:10:06.915408,estk_ca135834b3afa8ae6e1b2c66fb087a89,evt_ca135834b3afa8ae,Danilo Gallinari,NBA,28.03,29.8,8.5,0.24,5.9100,5.3400,7.6400,4.4000
$500 NBA Daily 8/18,2020-08-18T23:10:06.915412,estk_ca135834b3afa8ae33aee19dae855240,evt_ca135834b3afa8ae,Shai Gilgeous-Alexander,NBA,31.57,27.49,3.5,0.24,5.5100,6.1000,7.1900,4.5000
$500 NBA Daily 8/18,2020-08-18T23:10:06.915424,estk_ca135834b3afa8ae2e7d4bf632563918,evt_ca135834b3afa8ae,Robert Covington,NBA,25.75,25.57,6,0.24,4.9800,4.8300,6.7300,3.5500
$500 NBA Daily 8/18,2020-08-18T23:10:06.915428,estk_ca135834b3afa8aebb2265938b36951f,evt_ca135834b3afa8ae,P.J. Tucker,NBA,19.39,22.74,8,0.24,4.5100,3.7700,6.1600,3.6400
$500 NBA Daily 8/18,2020-08-18T23:10:06.915449,estk_ca135834b3afa8ae835e4cb9b4f65e3b,evt_ca135834b3afa8ae,Jeff Green,NBA,15.46,20.75,9,0.24,4.0400,3.2200,5.6200,1.9100
$500 NBA Daily 8/18,2020-08-18T23:10:06.915453,estk_ca135834b3afa8aece8e428feaa184fb,evt_ca135834b3afa8ae,Dennis Schroder,NBA,25.46,19.85,0.5,0.24,3.9600,4.7800,5.5700,2.9900
$500 NBA Daily 8/18,2020-08-18T23:10:06.915460,estk_ca135834b3afa8ae7e274b6cb95b0d20,evt_ca135834b3afa8ae,Danuel House,NBA,18.5,18.31,4.25,0.24,3.5700,3.5800,5.4500,2.4400
$500 NBA Daily 8/18,2020-08-18T23:10:06.915468,estk_ca135834b3afa8ae9e314ab9e97d6d4e,evt_ca135834b3afa8ae,Eric Gordon,NBA,17.04,15.2,2.25,0.24,3.1600,3.4900,4.7300,2.0800
$500 NBA Daily 8/18,2020-08-18T23:10:06.915475,estk_ca135834b3afa8ae0b5bea604e9b515d,evt_ca135834b3afa8ae,Nerlens Noel,NBA,18.33,13.93,0,0.24,2.9900,3.6000,4.8200,2.1800
$500 NBA Daily 8/18,2020-08-18T23:10:06.915486,estk_ca135834b3afa8aed086e77c2f7fd9b3,evt_ca135834b3afa8ae,Hamidou Diallo,NBA,16.34,11.92,-0.5,0.24,2.7100,3.4800,4.5300,1.6600
$500 NBA Daily 8/18,2020-08-18T23:10:06.915489,estk_ca135834b3afa8aed5d16483f5148c0b,evt_ca135834b3afa8ae,Darius Bazley,NBA,15.11,16.23,4.75,0.24,2.6700,3.2600,4.4400,1.8100
$500 NBA Daily 8/18,2020-08-18T23:10:06.915493,estk_ca135834b3afa8ae19f5682bdf2d2680,evt_ca135834b3afa8ae,DeMarre Carroll,NBA,10.13,7.7,0,0.24,2.2500,2.7800,3.8300,1.4300
$500 NBA Daily 8/18,2020-08-18T23:12:08.459614,estk_ca135834b3afa8ae998cf3066566c393,evt_ca135834b3afa8ae,James Harden,NBA,53.04,47.03,7.25,0.25,10.9500,9.5500,12.6500,9.7700
$500 NBA Daily 8/18,2020-08-18T23:12:08.459628,estk_ca135834b3afa8ae4d546eba965e40a0,evt_ca135834b3afa8ae,Steven Adams,NBA,33.86,39.89,14.5,0.25,8.5800,6.6800,10.2500,7.0100
$500 NBA Daily 8/18,2020-08-18T23:12:08.459631,estk_ca135834b3afa8ae86ea8af848cca3f6,evt_ca135834b3afa8ae,Chris Paul,NBA,40.85,36.39,5.75,0.25,7.6800,7.9900,9.6800,6.4000
$500 NBA Daily 8/18,2020-08-18T23:12:08.459639,estk_ca135834b3afa8ae6e1b2c66fb087a89,evt_ca135834b3afa8ae,Danilo Gallinari,NBA,28.03,29.52,8.5,0.25,5.7700,5.3400,7.6400,4.4000
$500 NBA Daily 8/18,2020-08-18T23:12:08.459643,estk_ca135834b3afa8ae33aee19dae855240,evt_ca135834b3afa8ae,Shai Gilgeous-Alexander,NBA,31.57,27.18,3.5,0.25,5.2400,6.1000,7.1900,4.0700
$500 NBA Daily 8/18,2020-08-18T23:12:08.459655,estk_ca135834b3afa8ae2e7d4bf632563918,evt_ca135834b3afa8ae,Robert Covington,NBA,25.75,25.31,6,0.25,4.7800,4.8300,6.7300,3.5500
$500 NBA Daily 8/18,2020-08-18T23:12:08.459669,estk_ca135834b3afa8aebb2265938b36951f,evt_ca135834b3afa8ae,P.J. Tucker,NBA,19.39,22.54,8,0.25,4.2000,3.7700,6.1600,3.3300
$500 NBA Daily 8/18,2020-08-18T23:12:08.459680,estk_ca135834b3afa8ae835e4cb9b4f65e3b,evt_ca135834b3afa8ae,Jeff Green,NBA,15.46,20.59,9,0.25,3.8900,3.2200,5.6200,2.3800
$500 NBA Daily 8/18,2020-08-18T23:12:08.459684,estk_ca135834b3afa8aece8e428feaa184fb,evt_ca135834b3afa8ae,Dennis Schroder,NBA,25.46,19.59,0.5,0.25,3.7700,4.7800,5.5700,2.9000
$500 NBA Daily 8/18,2020-08-18T23:12:08.459695,estk_ca135834b3afa8ae7e274b6cb95b0d20,evt_ca135834b3afa8ae,Danuel House,NBA,18.5,18.13,4.25,0.25,3.5000,3.5800,5.4500,2.4400
$500 NBA Daily 8/18,2020-08-18T23:12:08.459699,estk_ca135834b3afa8aed5d16483f5148c0b,evt_ca135834b3afa8ae,Darius Bazley,NBA,15.11,16.08,4.75,0.25,3.1500,3.2600,4.4400,1.8100
$500 NBA Daily 8/18,2020-08-18T23:12:08.459706,estk_ca135834b3afa8ae9e314ab9e97d6d4e,evt_ca135834b3afa8ae,Eric Gordon,NBA,17.04,16.53,3.75,0.25,3.0000,3.4900,4.7300,2.0800
$500 NBA Daily 8/18,2020-08-18T23:12:08.459713,estk_ca135834b3afa8ae0b5bea604e9b515d,evt_ca135834b3afa8ae,Nerlens Noel,NBA,18.33,13.75,0,0.25,2.8400,3.6000,4.8200,1.9400
$500 NBA Daily 8/18,2020-08-18T23:12:08.459721,estk_ca135834b3afa8aed086e77c2f7fd9b3,evt_ca135834b3afa8ae,Hamidou Diallo,NBA,16.34,11.25,-1,0.25,2.6400,3.4800,4.5300,1.6600
$500 NBA Daily 8/18,2020-08-18T23:12:08.459725,estk_ca135834b3afa8ae19f5682bdf2d2680,evt_ca135834b3afa8ae,DeMarre Carroll,NBA,10.13,7.6,0,0.25,2.1700,2.7800,3.8300,1.2300
$500 NBA Daily 8/18,2020-08-18T23:15:40.729595,estk_ca135834b3afa8ae998cf3066566c393,evt_ca135834b3afa8ae,James Harden,NBA,53.04,45.44,7.25,0.28,10.8000,9.5500,12.6500,9.7700
$500 NBA Daily 8/18,2020-08-18T23:15:40.729608,estk_ca135834b3afa8ae4d546eba965e40a0,evt_ca135834b3afa8ae,Steven Adams,NBA,33.86,38.38,14,0.28,8.6100,6.6800,10.2500,7.0100
$500 NBA Daily 8/18,2020-08-18T23:15:40.729612,estk_ca135834b3afa8ae86ea8af848cca3f6,evt_ca135834b3afa8ae,Chris Paul,NBA,40.85,35.16,5.75,0.28,7.5200,7.9900,9.1500,6.4000
$500 NBA Daily 8/18,2020-08-18T23:15:40.729620,estk_ca135834b3afa8ae6e1b2c66fb087a89,evt_ca135834b3afa8ae,Danilo Gallinari,NBA,28.03,28.68,8.5,0.28,5.7100,5.3400,7.6400,4.4000
$500 NBA Daily 8/18,2020-08-18T23:15:40.729624,estk_ca135834b3afa8ae33aee19dae855240,evt_ca135834b3afa8ae,Shai Gilgeous-Alexander,NBA,31.57,26.23,3.5,0.28,5.1700,6.1000,7.1900,4.0700
$500 NBA Daily 8/18,2020-08-18T23:15:40.729636,estk_ca135834b3afa8ae2e7d4bf632563918,evt_ca135834b3afa8ae,Robert Covington,NBA,25.75,24.54,6,0.28,4.8700,4.8300,6.7300,3.5500
$500 NBA Daily 8/18,2020-08-18T23:15:40.729650,estk_ca135834b3afa8aebb2265938b36951f,evt_ca135834b3afa8ae,P.J. Tucker,NBA,19.39,21.96,8,0.28,4.2400,3.7700,6.1600,3.3300
$500 NBA Daily 8/18,2020-08-18T23:15:40.729661,estk_ca135834b3afa8ae835e4cb9b4f65e3b,evt_ca135834b3afa8ae,Jeff Green,NBA,15.46,22.13,11,0.28,3.8700,3.2200,5.6200,2.3800
$500 NBA Daily 8/18,2020-08-18T23:15:40.729668,estk_ca135834b3afa8aece8e428feaa184fb,evt_ca135834b3afa8ae,Dennis Schroder,NBA,25.46,18.33,0,0.28,3.7000,4.7800,5.5700,2.7900
$500 NBA Daily 8/18,2020-08-18T23:15:40.729673,estk_ca135834b3afa8ae7e274b6cb95b0d20,evt_ca135834b3afa8ae,Danuel House,NBA,18.5,17.57,4.25,0.28,3.5000,3.5800,5.4500,2.4400
$500 NBA Daily 8/18,2020-08-18T23:15:40.729680,estk_ca135834b3afa8ae9e314ab9e97d6d4e,evt_ca135834b3afa8ae,Eric Gordon,NBA,17.04,16.77,4.5,0.28,3.2300,3.4900,4.7300,2.0800
$500 NBA Daily 8/18,2020-08-18T23:15:40.729684,estk_ca135834b3afa8aed5d16483f5148c0b,evt_ca135834b3afa8ae,Darius Bazley,NBA,15.11,16.38,5.5,0.28,3.1200,3.2600,4.4400,1.8100
$500 NBA Daily 8/18,2020-08-18T23:15:40.729695,estk_ca135834b3afa8ae0b5bea604e9b515d,evt_ca135834b3afa8ae,Nerlens Noel,NBA,18.33,13.2,0,0.28,2.8400,3.6000,4.8200,1.9400
$500 NBA Daily 8/18,2020-08-18T23:15:40.729702,estk_ca135834b3afa8aed086e77c2f7fd9b3,evt_ca135834b3afa8ae,Hamidou Diallo,NBA,16.34,10.76,-1,0.28,2.4900,3.4800,4.5300,1.6600
$500 NBA Daily 8/18,2020-08-18T23:15:40.729706,estk_ca135834b3afa8ae19f5682bdf2d2680,evt_ca135834b3afa8ae,DeMarre Carroll,NBA,10.13,7.29,0,0.28,2.1600,2.7800,3.8300,1.2300
$500 NBA Daily 8/18,2020-08-18T23:18:42.667698,estk_ca135834b3afa8ae998cf3066566c393,evt_ca135834b3afa8ae,James Harden,NBA,53.04,43.85,7.25,0.31,10.3900,9.5500,12.1300,9.2300
$500 NBA Daily 8/18,2020-08-18T23:18:42.667707,estk_ca135834b3afa8ae4d546eba965e40a0,evt_ca135834b3afa8ae,Steven Adams,NBA,33.86,37.36,14,0.31,8.2000,6.6800,10.2500,7.0100
$500 NBA Daily 8/18,2020-08-18T23:18:42.667711,estk_ca135834b3afa8ae86ea8af848cca3f6,evt_ca135834b3afa8ae,Chris Paul,NBA,40.85,33.94,5.75,0.31,7.3200,7.9900,9.1500,6.3600
$500 NBA Daily 8/18,2020-08-18T23:18:42.667719,estk_ca135834b3afa8ae6e1b2c66fb087a89,evt_ca135834b3afa8ae,Danilo Gallinari,NBA,28.03,27.84,8.5,0.31,5.5400,5.3400,7.6400,4.4000
$500 NBA Daily 8/18,2020-08-18T23:18:42.667734,estk_ca135834b3afa8ae33aee19dae855240,evt_ca135834b3afa8ae,Shai Gilgeous-Alexander,NBA,31.57,25.28,3.5,0.31,5.0700,6.1000,6.5400,4.0700
$500 NBA Daily 8/18,2020-08-18T23:18:42.667738,estk_ca135834b3afa8ae2e7d4bf632563918,evt_ca135834b3afa8ae,Robert Covington,NBA,25.75,23.77,6,0.31,4.5700,4.8300,6.1600,3.5500
$500 NBA Daily 8/18,2020-08-18T23:18:42.667760,estk_ca135834b3afa8aebb2265938b36951f,evt_ca135834b3afa8ae,P.J. Tucker,NBA,19.39,21.38,8,0.31,4.1300,3.7700,6.1600,2.9800
$500 NBA Daily 8/18,2020-08-18T23:18:42.667763,estk_ca135834b3afa8ae835e4cb9b4f65e3b,evt_ca135834b3afa8ae,Jeff Green,NBA,15.46,23.17,12.5,0.31,4.1000,3.2200,5.6200,2.6100
$500 NBA Daily 8/18,2020-08-18T23:18:42.667771,estk_ca135834b3afa8aece8e428feaa184fb,evt_ca135834b3afa8ae,Dennis Schroder,NBA,25.46,16.57,-1,0.31,3.5400,4.7800,5.0500,2.5400
$500 NBA Daily 8/18,2020-08-18T23:18:42.667778,estk_ca135834b3afa8ae7e274b6cb95b0d20,evt_ca135834b3afa8ae,Danuel House,NBA,18.5,22.52,9.75,0.31,3.3800,3.5800,4.8900,2.4400
$500 NBA Daily 8/18,2020-08-18T23:18:42.667782,estk_ca135834b3afa8ae9e314ab9e97d6d4e,evt_ca135834b3afa8ae,Eric Gordon,NBA,17.04,19.76,8,0.31,3.2900,3.4900,4.7300,2.0800
$500 NBA Daily 8/18,2020-08-18T23:18:42.667786,estk_ca135834b3afa8aed5d16483f5148c0b,evt_ca135834b3afa8ae,Darius Bazley,NBA,15.11,15.93,5.5,0.31,3.1900,3.2600,4.4400,1.8100
$500 NBA Daily 8/18,2020-08-18T23:18:42.667801,estk_ca135834b3afa8ae0b5bea604e9b515d,evt_ca135834b3afa8ae,Nerlens Noel,NBA,18.33,12.65,0,0.31,2.7400,3.6000,4.2900,1.8400
$500 NBA Daily 8/18,2020-08-18T23:18:42.667805,estk_ca135834b3afa8aed086e77c2f7fd9b3,evt_ca135834b3afa8ae,Hamidou Diallo,NBA,16.34,10.27,-1,0.31,2.4600,3.4800,3.9500,1.5800
$500 NBA Daily 8/18,2020-08-18T23:18:42.667809,estk_ca135834b3afa8ae19f5682bdf2d2680,evt_ca135834b3afa8ae,DeMarre Carroll,NBA,10.13,6.99,0,0.31,2.1400,2.7800,3.8300,1.2300
$500 NBA Daily 8/18,2020-08-18T23:23:15.604061,estk_ca135834b3afa8ae998cf3066566c393,evt_ca135834b3afa8ae,James Harden,NBA,53.04,43.32,7.25,0.32,9.9600,9.5500,11.6600,8.7500
$500 NBA Daily 8/18,2020-08-18T23:23:15.604065,estk_ca135834b3afa8ae4d546eba965e40a0,evt_ca135834b3afa8ae,Steven Adams,NBA,33.86,37.02,14,0.32,7.8500,6.6800,9.6400,6.9100
$500 NBA Daily 8/18,2020-08-18T23:23:15.604069,estk_ca135834b3afa8ae86ea8af848cca3f6,evt_ca135834b3afa8ae,Chris Paul,NBA,40.85,35.03,7.25,0.32,6.9100,7.9900,8.5700,5.8000
$500 NBA Daily 8/18,2020-08-18T23:23:15.604076,estk_ca135834b3afa8ae6e1b2c66fb087a89,evt_ca135834b3afa8ae,Danilo Gallinari,NBA,28.03,27.56,8.5,0.32,5.3800,5.3400,6.9400,4.4000
$500 NBA Daily 8/18,2020-08-18T23:23:15.604088,estk_ca135834b3afa8ae33aee19dae855240,evt_ca135834b3afa8ae,Shai Gilgeous-Alexander,NBA,31.57,24.97,3.5,0.32,4.7700,6.1000,6.5400,3.8800
$500 NBA Daily 8/18,2020-08-18T23:23:15.604099,estk_ca135834b3afa8ae2e7d4bf632563918,evt_ca135834b3afa8ae,Robert Covington,NBA,25.75,23.51,6,0.32,4.4500,4.8300,6.1600,3.5500
$500 NBA Daily 8/18,2020-08-18T23:23:15.604106,estk_ca135834b3afa8ae835e4cb9b4f65e3b,evt_ca135834b3afa8ae,Jeff Green,NBA,15.46,23.01,12.5,0.32,4.4000,3.2200,5.6200,2.8100
$500 NBA Daily 8/18,2020-08-18T23:23:15.604114,estk_ca135834b3afa8ae7e274b6cb95b0d20,evt_ca135834b3afa8ae,Danuel House,NBA,18.5,22.33,9.75,0.32,4.2400,3.5800,5.7800,2.6600
$500 NBA Daily 8/18,2020-08-18T23:23:15.604121,estk_ca135834b3afa8aebb2265938b36951f,evt_ca135834b3afa8ae,P.J. Tucker,NBA,19.39,21.19,8,0.32,4.0400,3.7700,5.6200,2.9800
$500 NBA Daily 8/18,2020-08-18T23:23:15.604128,estk_ca135834b3afa8ae9e314ab9e97d6d4e,evt_ca135834b3afa8ae,Eric Gordon,NBA,17.04,20.59,9,0.32,3.6800,3.4900,5.2400,2.0800
$500 NBA Daily 8/18,2020-08-18T23:23:15.604140,estk_ca135834b3afa8aece8e428feaa184fb,evt_ca135834b3afa8ae,Dennis Schroder,NBA,25.46,16.31,-1,0.32,3.2200,4.7800,5.0500,2.3300
$500 NBA Daily 8/18,2020-08-18T23:23:15.604143,estk_ca135834b3afa8aed5d16483f5148c0b,evt_ca135834b3afa8ae,Darius Bazley,NBA,15.11,15.77,5.5,0.32,3.0500,3.2600,4.4400,1.8100
$500 NBA Daily 8/18,2020-08-18T23:23:15.604154,estk_ca135834b3afa8ae0b5bea604e9b515d,evt_ca135834b3afa8ae,Nerlens Noel,NBA,18.33,12.46,0,0.32,2.6300,3.6000,4.2900,1.8000
$500 NBA Daily 8/18,2020-08-18T23:23:15.604158,estk_ca135834b3afa8aed086e77c2f7fd9b3,evt_ca135834b3afa8ae,Hamidou Diallo,NBA,16.34,13.61,2.5,0.32,2.4000,3.4800,3.9500,1.5800
$500 NBA Daily 8/18,2020-08-18T23:23:15.604162,estk_ca135834b3afa8ae19f5682bdf2d2680,evt_ca135834b3afa8ae,DeMarre Carroll,NBA,10.13,6.89,0,0.32,2.0500,2.7800,3.8300,1.2300
$500 NBA Daily 8/18,2020-08-18T23:23:45.947524,estk_ca135834b3afa8ae998cf3066566c393,evt_ca135834b3afa8ae,James Harden,NBA,53.04,42.26,7.25,0.34,9.8800,9.5500,11.5800,8.7500
$500 NBA Daily 8/18,2020-08-18T23:23:45.947530,estk_ca135834b3afa8ae4d546eba965e40a0,evt_ca135834b3afa8ae,Steven Adams,NBA,33.86,36.35,14,0.34,7.7700,6.6800,9.6400,6.8500
$500 NBA Daily 8/18,2020-08-18T23:23:45.947533,estk_ca135834b3afa8ae86ea8af848cca3f6,evt_ca135834b3afa8ae,Chris Paul,NBA,40.85,36.21,9.25,0.34,7.2600,7.9900,8.5700,5.8000
$500 NBA Daily 8/18,2020-08-18T23:23:45.947549,estk_ca135834b3afa8ae6e1b2c66fb087a89,evt_ca135834b3afa8ae,Danilo Gallinari,NBA,28.03,27,8.5,0.34,5.2700,5.3400,6.9400,4.4000
$500 NBA Daily 8/18,2020-08-18T23:23:45.947553,estk_ca135834b3afa8ae33aee19dae855240,evt_ca135834b3afa8ae,Shai Gilgeous-Alexander,NBA,31.57,24.34,3.5,0.34,4.7200,6.1000,6.5400,3.7900
$500 NBA Daily 8/18,2020-08-18T23:23:45.947568,estk_ca135834b3afa8ae2e7d4bf632563918,evt_ca135834b3afa8ae,Robert Covington,NBA,25.75,22.99,6,0.34,4.3900,4.8300,6.1600,3.5500
$500 NBA Daily 8/18,2020-08-18T23:23:45.947571,estk_ca135834b3afa8ae835e4cb9b4f65e3b,evt_ca135834b3afa8ae,Jeff Green,NBA,15.46,22.7,12.5,0.34,4.2500,3.2200,5.6200,2.8100
$500 NBA Daily 8/18,2020-08-18T23:23:45.947582,estk_ca135834b3afa8ae7e274b6cb95b0d20,evt_ca135834b3afa8ae,Danuel House,NBA,18.5,21.96,9.75,0.34,4.1200,3.5800,5.7800,2.6600
$500 NBA Daily 8/18,2020-08-18T23:23:45.947586,estk_ca135834b3afa8aebb2265938b36951f,evt_ca135834b3afa8ae,P.J. Tucker,NBA,19.39,20.8,8,0.34,3.9300,3.7700,5.6200,2.9800
$500 NBA Daily 8/18,2020-08-18T23:23:45.947590,estk_ca135834b3afa8ae9e314ab9e97d6d4e,evt_ca135834b3afa8ae,Eric Gordon,NBA,17.04,20.75,9.5,0.34,3.8000,3.4900,5.2400,2.2200
$500 NBA Daily 8/18,2020-08-18T23:23:45.947601,estk_ca135834b3afa8aece8e428feaa184fb,evt_ca135834b3afa8ae,Dennis Schroder,NBA,25.46,15.8,-1,0.34,3.1800,4.7800,5.0500,2.3300
$500 NBA Daily 8/18,2020-08-18T23:23:45.947608,estk_ca135834b3afa8aed5d16483f5148c0b,evt_ca135834b3afa8ae,Darius Bazley,NBA,15.11,16.97,7,0.34,3.0700,3.2600,4.4400,1.8100
$500 NBA Daily 8/18,2020-08-18T23:23:45.947619,estk_ca135834b3afa8aed086e77c2f7fd9b3,evt_ca135834b3afa8ae,Hamidou Diallo,NBA,16.34,14.53,3.75,0.34,2.7000,3.4800,3.9500,1.5800
$500 NBA Daily 8/18,2020-08-18T23:23:45.947623,estk_ca135834b3afa8ae0b5bea604e9b515d,evt_ca135834b3afa8ae,Nerlens Noel,NBA,18.33,12.1,0,0.34,2.6600,3.6000,4.2900,1.8000
$500 NBA Daily 8/18,2020-08-18T23:23:45.947627,estk_ca135834b3afa8ae19f5682bdf2d2680,evt_ca135834b3afa8ae,DeMarre Carroll,NBA,10.13,6.69,0,0.34,2.0200,2.7800,3.8300,1.2000
$500 NBA Daily 8/18,2020-08-18T23:26:17.796365,estk_ca135834b3afa8ae998cf3066566c393,evt_ca135834b3afa8ae,James Harden,NBA,53.04,43.45,9.5,0.36,9.9900,9.5500,11.5800,8.2900
$500 NBA Daily 8/18,2020-08-18T23:26:17.796371,estk_ca135834b3afa8ae4d546eba965e40a0,evt_ca135834b3afa8ae,Steven Adams,NBA,33.86,36.17,14.5,0.36,7.5900,6.6800,9.6400,6.5400
$500 NBA Daily 8/18,2020-08-18T23:26:17.796375,estk_ca135834b3afa8ae86ea8af848cca3f6,evt_ca135834b3afa8ae,Chris Paul,NBA,40.85,35.39,9.25,0.36,7.3800,7.9900,9.2100,5.9100
$500 NBA Daily 8/18,2020-08-18T23:26:17.796391,estk_ca135834b3afa8ae6e1b2c66fb087a89,evt_ca135834b3afa8ae,Danilo Gallinari,NBA,28.03,27.94,10,0.36,5.2900,5.3400,6.9400,4.2400
$500 NBA Daily 8/18,2020-08-18T23:26:17.796395,estk_ca135834b3afa8ae9e314ab9e97d6d4e,evt_ca135834b3afa8ae,Eric Gordon,NBA,17.04,26.91,16,0.36,5.0000,3.4900,5.2400,2.3100
$500 NBA Daily 8/18,2020-08-18T23:26:17.796410,estk_ca135834b3afa8ae33aee19dae855240,evt_ca135834b3afa8ae,Shai Gilgeous-Alexander,NBA,31.57,23.7,3.5,0.36,4.3500,6.1000,6.1100,3.6000
$500 NBA Daily 8/18,2020-08-18T23:26:17.796421,estk_ca135834b3afa8ae2e7d4bf632563918,evt_ca135834b3afa8ae,Robert Covington,NBA,25.75,22.48,6,0.36,4.1500,4.8300,6.1600,3.4700
$500 NBA Daily 8/18,2020-08-18T23:26:17.796424,estk_ca135834b3afa8ae835e4cb9b4f65e3b,evt_ca135834b3afa8ae,Jeff Green,NBA,15.46,22.39,12.5,0.36,4.0900,3.2200,5.6200,2.8100
$500 NBA Daily 8/18,2020-08-18T23:26:17.796432,estk_ca135834b3afa8ae7e274b6cb95b0d20,evt_ca135834b3afa8ae,Danuel House,NBA,18.5,21.59,9.75,0.36,3.9000,3.5800,5.7800,2.6600
$500 NBA Daily 8/18,2020-08-18T23:26:17.796436,estk_ca135834b3afa8aebb2265938b36951f,evt_ca135834b3afa8ae,P.J. Tucker,NBA,19.39,20.41,8,0.36,3.7100,3.7700,5.6200,2.9800
$500 NBA Daily 8/18,2020-08-18T23:26:17.796447,estk_ca135834b3afa8aed5d16483f5148c0b,evt_ca135834b3afa8ae,Darius Bazley,NBA,15.11,16.67,7,0.36,3.0700,3.2600,4.4400,1.8100
$500 NBA Daily 8/18,2020-08-18T23:26:17.796458,estk_ca135834b3afa8aece8e428feaa184fb,evt_ca135834b3afa8ae,Dennis Schroder,NBA,25.46,15.29,-1,0.36,2.8800,4.7800,4.5700,2.1900
$500 NBA Daily 8/18,2020-08-18T23:26:17.796461,estk_ca135834b3afa8aed086e77c2f7fd9b3,evt_ca135834b3afa8ae,Hamidou Diallo,NBA,16.34,14.21,3.75,0.36,2.7400,3.4800,3.9500,1.5800
$500 NBA Daily 8/18,2020-08-18T23:26:17.796465,estk_ca135834b3afa8ae0b5bea604e9b515d,evt_ca135834b3afa8ae,Nerlens Noel,NBA,18.33,11.73,0,0.36,2.4300,3.6000,4.2900,1.5800
$500 NBA Daily 8/18,2020-08-18T23:26:17.796469,estk_ca135834b3afa8ae19f5682bdf2d2680,evt_ca135834b3afa8ae,DeMarre Carroll,NBA,10.13,6.48,0,0.36,1.9100,2.7800,3.8300,
$500 NBA Daily 8/18,2020-08-18T23:30:50.907340,estk_ca135834b3afa8ae998cf3066566c393,evt_ca135834b3afa8ae,James Harden,NBA,53.04,42.92,9.5,0.37,9.9100,9.5500,11.5800,8.2900
$500 NBA Daily 8/18,2020-08-18T23:30:50.907345,estk_ca135834b3afa8ae4d546eba965e40a0,evt_ca135834b3afa8ae,Steven Adams,NBA,33.86,35.83,14.5,0.37,7.5300,6.6800,9.1200,6.5400
$500 NBA Daily 8/18,2020-08-18T23:30:50.907349,estk_ca135834b3afa8ae86ea8af848cca3f6,evt_ca135834b3afa8ae,Chris Paul,NBA,40.85,34.99,9.25,0.37,7.3000,7.9900,9.2100,5.9100
$500 NBA Daily 8/18,2020-08-18T23:30:50.907365,estk_ca135834b3afa8ae6e1b2c66fb087a89,evt_ca135834b3afa8ae,Danilo Gallinari,NBA,28.03,27.66,10,0.37,5.2600,5.3400,6.9400,4.2400
$500 NBA Daily 8/18,2020-08-18T23:30:50.907369,estk_ca135834b3afa8ae9e314ab9e97d6d4e,evt_ca135834b3afa8ae,Eric Gordon,NBA,17.04,26.74,16,0.37,5.1100,3.4900,6.6000,3.4100
$500 NBA Daily 8/18,2020-08-18T23:30:50.907384,estk_ca135834b3afa8ae33aee19dae855240,evt_ca135834b3afa8ae,Shai Gilgeous-Alexander,NBA,31.57,22.89,3,0.37,4.4000,6.1000,5.9600,3.4300
$500 NBA Daily 8/18,2020-08-18T23:30:50.907395,estk_ca135834b3afa8ae2e7d4bf632563918,evt_ca135834b3afa8ae,Robert Covington,NBA,25.75,22.22,6,0.37,4.0900,4.8300,5.6300,3.1900
$500 NBA Daily 8/18,2020-08-18T23:30:50.907398,estk_ca135834b3afa8ae835e4cb9b4f65e3b,evt_ca135834b3afa8ae,Jeff Green,NBA,15.46,22.24,12.5,0.37,4.0700,3.2200,5.6200,2.8100
$500 NBA Daily 8/18,2020-08-18T23:30:50.907405,estk_ca135834b3afa8ae7e274b6cb95b0d20,evt_ca135834b3afa8ae,Danuel House,NBA,18.5,21.41,9.75,0.37,3.8900,3.5800,5.7800,2.6200
$500 NBA Daily 8/18,2020-08-18T23:30:50.907410,estk_ca135834b3afa8aebb2265938b36951f,evt_ca135834b3afa8ae,P.J. Tucker,NBA,19.39,20.22,8,0.37,3.7200,3.7700,5.6200,2.7100
$500 NBA Daily 8/18,2020-08-18T23:30:50.907420,estk_ca135834b3afa8aed5d16483f5148c0b,evt_ca135834b3afa8ae,Darius Bazley,NBA,15.11,16.52,7,0.37,3.0700,3.2600,4.4400,1.8100
$500 NBA Daily 8/18,2020-08-18T23:30:50.907431,estk_ca135834b3afa8aece8e428feaa184fb,evt_ca135834b3afa8ae,Dennis Schroder,NBA,25.46,15.04,-1,0.37,2.8100,4.7800,4.4300,1.9500
$500 NBA Daily 8/18,2020-08-18T23:30:50.907435,estk_ca135834b3afa8aed086e77c2f7fd9b3,evt_ca135834b3afa8ae,Hamidou Diallo,NBA,16.34,14.04,3.75,0.37,2.7200,3.4800,3.9500,1.5800
$500 NBA Daily 8/18,2020-08-18T23:30:50.907438,estk_ca135834b3afa8ae0b5bea604e9b515d,evt_ca135834b3afa8ae,Nerlens Noel,NBA,18.33,11.55,0,0.37,2.4300,3.6000,4.2900,1.5800
$500 NBA Daily 8/18,2020-08-18T23:30:50.907442,estk_ca135834b3afa8ae19f5682bdf2d2680,evt_ca135834b3afa8ae,DeMarre Carroll,NBA,10.13,6.38,0,0.37,1.9500,2.7800,3.8300,
$500 NBA Daily 8/18,2020-08-18T23:32:52.203655,estk_ca135834b3afa8ae998cf3066566c393,evt_ca135834b3afa8ae,James Harden,NBA,53.04,45.63,12.75,0.38,9.7300,9.5500,11.5800,8.2900
$500 NBA Daily 8/18,2020-08-18T23:32:52.203660,estk_ca135834b3afa8ae4d546eba965e40a0,evt_ca135834b3afa8ae,Steven Adams,NBA,33.86,35.49,14.5,0.38,7.5400,6.6800,9.1200,6.5400
$500 NBA Daily 8/18,2020-08-18T23:32:52.203664,estk_ca135834b3afa8ae86ea8af848cca3f6,evt_ca135834b3afa8ae,Chris Paul,NBA,40.85,34.58,9.25,0.38,7.1400,7.9900,9.2100,5.9100
$500 NBA Daily 8/18,2020-08-18T23:32:52.203679,estk_ca135834b3afa8ae6e1b2c66fb087a89,evt_ca135834b3afa8ae,Danilo Gallinari,NBA,28.03,27.38,10,0.38,5.2400,5.3400,6.9400,4.2400
$500 NBA Daily 8/18,2020-08-18T23:32:52.203683,estk_ca135834b3afa8ae9e314ab9e97d6d4e,evt_ca135834b3afa8ae,Eric Gordon,NBA,17.04,26.56,16,0.38,5.1000,3.4900,6.6000,3.4100
$500 NBA Daily 8/18,2020-08-18T23:32:52.203705,estk_ca135834b3afa8ae33aee19dae855240,evt_ca135834b3afa8ae,Shai Gilgeous-Alexander,NBA,31.57,25.82,6.25,0.38,4.1500,6.1000,5.9600,3.2200
$500 NBA Daily 8/18,2020-08-18T23:32:52.203708,estk_ca135834b3afa8ae2e7d4bf632563918,evt_ca135834b3afa8ae,Robert Covington,NBA,25.75,21.96,6,0.38,4.0200,4.8300,5.6300,3.1800
$500 NBA Daily 8/18,2020-08-18T23:32:52.203712,estk_ca135834b3afa8ae835e4cb9b4f65e3b,evt_ca135834b3afa8ae,Jeff Green,NBA,15.46,22.09,12.5,0.38,4.0200,3.2200,5.6200,2.8100
$500 NBA Daily 8/18,2020-08-18T23:32:52.203719,estk_ca135834b3afa8ae7e274b6cb95b0d20,evt_ca135834b3afa8ae,Danuel House,NBA,18.5,21.22,9.75,0.38,3.8800,3.5800,5.7800,2.6200
$500 NBA Daily 8/18,2020-08-18T23:32:52.203724,estk_ca135834b3afa8aebb2265938b36951f,evt_ca135834b3afa8ae,P.J. Tucker,NBA,19.39,21.52,9.5,0.38,3.7400,3.7700,5.6200,2.7100
$500 NBA Daily 8/18,2020-08-18T23:32:52.203734,estk_ca135834b3afa8aed5d16483f5148c0b,evt_ca135834b3afa8ae,Darius Bazley,NBA,15.11,16.37,7,0.38,3.0400,3.2600,4.4400,1.8100
$500 NBA Daily 8/18,2020-08-18T23:32:52.203745,estk_ca135834b3afa8aece8e428feaa184fb,evt_ca135834b3afa8ae,Dennis Schroder,NBA,25.46,14.79,-1,0.38,2.8900,4.7800,4.4300,1.9500
$500 NBA Daily 8/18,2020-08-18T23:32:52.203748,estk_ca135834b3afa8aed086e77c2f7fd9b3,evt_ca135834b3afa8ae,Hamidou Diallo,NBA,16.34,13.88,3.75,0.38,2.7600,3.4800,3.9500,1.5800
$500 NBA Daily 8/18,2020-08-18T23:32:52.203752,estk_ca135834b3afa8ae0b5bea604e9b515d,evt_ca135834b3afa8ae,Nerlens Noel,NBA,18.33,11.36,0,0.38,2.4000,3.6000,4.2900,1.5800
$500 NBA Daily 8/18,2020-08-18T23:32:52.203756,estk_ca135834b3afa8ae19f5682bdf2d2680,evt_ca135834b3afa8ae,DeMarre Carroll,NBA,10.13,6.28,0,0.38,1.9200,2.7800,3.8300,
$500 NBA Daily 8/18,2020-08-18T23:33:52.919337,estk_ca135834b3afa8ae998cf3066566c393,evt_ca135834b3afa8ae,James Harden,NBA,53.04,47.1,14.75,0.39,10.7300,9.5500,12.4400,9.0200
$500 NBA Daily 8/18,2020-08-18T23:33:52.919346,estk_ca135834b3afa8ae4d546eba965e40a0,evt_ca135834b3afa8ae,Steven Adams,NBA,33.86,35.15,14.5,0.39,7.3100,6.6800,9.1200,6.0000
$500 NBA Daily 8/18,2020-08-18T23:33:52.919351,estk_ca135834b3afa8ae86ea8af848cca3f6,evt_ca135834b3afa8ae,Chris Paul,NBA,40.85,34.17,9.25,0.39,7.0500,7.9900,8.6900,5.9100
$500 NBA Daily 8/18,2020-08-18T23:33:52.919366,estk_ca135834b3afa8ae6e1b2c66fb087a89,evt_ca135834b3afa8ae,Danilo Gallinari,NBA,28.03,30.6,13.5,0.39,5.0800,5.3400,6.9400,4.2200
$500 NBA Daily 8/18,2020-08-18T23:33:52.919370,estk_ca135834b3afa8ae9e314ab9e97d6d4e,evt_ca135834b3afa8ae,Eric Gordon,NBA,17.04,26.39,16,0.39,4.9400,3.4900,6.6000,3.4100
$500 NBA Daily 8/18,2020-08-18T23:33:52.919374,estk_ca135834b3afa8ae33aee19dae855240,evt_ca135834b3afa8ae,Shai Gilgeous-Alexander,NBA,31.57,25.51,6.25,0.39,4.8000,6.1000,5.9600,3.2200
$500 NBA Daily 8/18,2020-08-18T23:33:52.919396,estk_ca135834b3afa8ae835e4cb9b4f65e3b,evt_ca135834b3afa8ae,Jeff Green,NBA,15.46,21.93,12.5,0.39,3.9400,3.2200,5.6200,2.8100
$500 NBA Daily 8/18,2020-08-18T23:33:52.919399,estk_ca135834b3afa8ae2e7d4bf632563918,evt_ca135834b3afa8ae,Robert Covington,NBA,25.75,21.71,6,0.39,3.9200,4.8300,5.6300,3.0500
$500 NBA Daily 8/18,2020-08-18T23:33:52.919406,estk_ca135834b3afa8aebb2265938b36951f,evt_ca135834b3afa8ae,P.J. Tucker,NBA,19.39,21.33,9.5,0.39,3.8700,3.7700,5.6200,2.7100
$500 NBA Daily 8/18,2020-08-18T23:33:52.919410,estk_ca135834b3afa8ae7e274b6cb95b0d20,evt_ca135834b3afa8ae,Danuel House,NBA,18.5,21.04,9.75,0.39,3.8200,3.5800,5.7800,2.6200
$500 NBA Daily 8/18,2020-08-18T23:33:52.919421,estk_ca135834b3afa8aed5d16483f5148c0b,evt_ca135834b3afa8ae,Darius Bazley,NBA,15.11,16.22,7,0.39,3.0100,3.2600,4.4400,1.8100
$500 NBA Daily 8/18,2020-08-18T23:33:52.919432,estk_ca135834b3afa8aece8e428feaa184fb,evt_ca135834b3afa8ae,Dennis Schroder,NBA,25.46,16.03,0.5,0.39,2.7900,4.7800,4.4300,1.9500
$500 NBA Daily 8/18,2020-08-18T23:33:52.919436,estk_ca135834b3afa8aed086e77c2f7fd9b3,evt_ca135834b3afa8ae,Hamidou Diallo,NBA,16.34,13.72,3.75,0.39,2.6600,3.4800,3.9500,1.5800
$500 NBA Daily 8/18,2020-08-18T23:33:52.919440,estk_ca135834b3afa8ae0b5bea604e9b515d,evt_ca135834b3afa8ae,Nerlens Noel,NBA,18.33,11.18,0,0.39,2.3300,3.6000,4.2900,1.5000
$500 NBA Daily 8/18,2020-08-18T23:33:52.919444,estk_ca135834b3afa8ae19f5682bdf2d2680,evt_ca135834b3afa8ae,DeMarre Carroll,NBA,10.13,6.18,0,0.39,1.8400,2.7800,3.8300,
$500 NBA Daily 8/18,2020-08-18T23:34:53.559915,estk_ca135834b3afa8ae998cf3066566c393,evt_ca135834b3afa8ae,James Harden,NBA,53.04,49.54,18.25,0.41,11.1900,9.5500,12.4400,9.0200
$500 NBA Daily 8/18,2020-08-18T23:34:53.559935,estk_ca135834b3afa8ae4d546eba965e40a0,evt_ca135834b3afa8ae,Steven Adams,NBA,33.86,34.48,14.5,0.41,7.1700,6.6800,9.1200,6.0000
$500 NBA Daily 8/18,2020-08-18T23:34:53.559939,estk_ca135834b3afa8ae86ea8af848cca3f6,evt_ca135834b3afa8ae,Chris Paul,NBA,40.85,33.35,9.25,0.41,6.9300,7.9900,8.6900,5.9100
$500 NBA Daily 8/18,2020-08-18T23:34:53.559946,estk_ca135834b3afa8ae6e1b2c66fb087a89,evt_ca135834b3afa8ae,Danilo Gallinari,NBA,28.03,30.04,13.5,0.41,5.9100,5.3400,7.5300,4.2900
$500 NBA Daily 8/18,2020-08-18T23:34:53.559958,estk_ca135834b3afa8ae9e314ab9e97d6d4e,evt_ca135834b3afa8ae,Eric Gordon,NBA,17.04,26.05,16,0.41,4.9000,3.4900,6.6000,3.4100
$500 NBA Daily 8/18,2020-08-18T23:34:53.559962,estk_ca135834b3afa8ae33aee19dae855240,evt_ca135834b3afa8ae,Shai Gilgeous-Alexander,NBA,31.57,24.88,6.25,0.41,4.6400,6.1000,5.9600,3.2200
$500 NBA Daily 8/18,2020-08-18T23:34:53.559984,estk_ca135834b3afa8ae835e4cb9b4f65e3b,evt_ca135834b3afa8ae,Jeff Green,NBA,15.46,21.62,12.5,0.41,3.9200,3.2200,5.6200,2.8100
$500 NBA Daily 8/18,2020-08-18T23:34:53.559987,estk_ca135834b3afa8ae2e7d4bf632563918,evt_ca135834b3afa8ae,Robert Covington,NBA,25.75,21.19,6,0.41,3.8900,4.8300,5.6300,3.0500
$500 NBA Daily 8/18,2020-08-18T23:34:53.559995,estk_ca135834b3afa8aebb2265938b36951f,evt_ca135834b3afa8ae,P.J. Tucker,NBA,19.39,24.44,13,0.41,3.8100,3.7700,5.6200,2.7100
$500 NBA Daily 8/18,2020-08-18T23:34:53.559999,estk_ca135834b3afa8ae7e274b6cb95b0d20,evt_ca135834b3afa8ae,Danuel House,NBA,18.5,20.66,9.75,0.41,3.7400,3.5800,5.7800,2.6200
$500 NBA Daily 8/18,2020-08-18T23:34:53.560013,estk_ca135834b3afa8aed5d16483f5148c0b,evt_ca135834b3afa8ae,Darius Bazley,NBA,15.11,15.91,7,0.41,2.9300,3.2600,4.4400,1.8100
$500 NBA Daily 8/18,2020-08-18T23:34:53.560017,estk_ca135834b3afa8aece8e428feaa184fb,evt_ca135834b3afa8ae,Dennis Schroder,NBA,25.46,15.02,0,0.41,2.8900,4.7800,4.4300,1.9500
$500 NBA Daily 8/18,2020-08-18T23:34:53.560024,estk_ca135834b3afa8aed086e77c2f7fd9b3,evt_ca135834b3afa8ae,Hamidou Diallo,NBA,16.34,13.39,3.75,0.41,2.6000,3.4800,3.9500,1.5800
$500 NBA Daily 8/18,2020-08-18T23:34:53.560028,estk_ca135834b3afa8ae0b5bea604e9b515d,evt_ca135834b3afa8ae,Nerlens Noel,NBA,18.33,10.81,0,0.41,2.3000,3.6000,3.8500,1.5000
$500 NBA Daily 8/18,2020-08-18T23:34:53.560031,estk_ca135834b3afa8ae19f5682bdf2d2680,evt_ca135834b3afa8ae,DeMarre Carroll,NBA,10.13,5.98,0,0.41,1.8300,2.7800,3.8300,
$500 NBA Daily 8/18,2020-08-18T23:36:55.027753,estk_ca135834b3afa8ae998cf3066566c393,evt_ca135834b3afa8ae,James Harden,NBA,53.04,49.01,18.25,0.42,12.1100,9.5500,13.7900,10.3100
$500 NBA Daily 8/18,2020-08-18T23:36:55.027775,estk_ca135834b3afa8ae4d546eba965e40a0,evt_ca135834b3afa8ae,Steven Adams,NBA,33.86,34.14,14.5,0.42,6.9000,6.6800,8.5300,6.0000
$500 NBA Daily 8/18,2020-08-18T23:36:55.027779,estk_ca135834b3afa8ae86ea8af848cca3f6,evt_ca135834b3afa8ae,Chris Paul,NBA,40.85,32.94,9.25,0.42,6.6400,7.9900,8.6900,5.6800
$500 NBA Daily 8/18,2020-08-18T23:36:55.027783,estk_ca135834b3afa8ae6e1b2c66fb087a89,evt_ca135834b3afa8ae,Danilo Gallinari,NBA,28.03,31.76,15.5,0.42,5.7300,5.3400,7.5300,4.2900
$500 NBA Daily 8/18,2020-08-18T23:36:55.027795,estk_ca135834b3afa8ae9e314ab9e97d6d4e,evt_ca135834b3afa8ae,Eric Gordon,NBA,17.04,25.88,16,0.42,4.7500,3.4900,6.6000,3.4100
$500 NBA Daily 8/18,2020-08-18T23:36:55.027807,estk_ca135834b3afa8ae33aee19dae855240,evt_ca135834b3afa8ae,Shai Gilgeous-Alexander,NBA,31.57,24.56,6.25,0.42,4.4800,6.1000,5.9600,3.2200
$500 NBA Daily 8/18,2020-08-18T23:36:55.027814,estk_ca135834b3afa8aebb2265938b36951f,evt_ca135834b3afa8ae,P.J. Tucker,NBA,19.39,24.25,13,0.42,4.3800,3.7700,5.6200,2.7100
$500 NBA Daily 8/18,2020-08-18T23:36:55.027828,estk_ca135834b3afa8ae835e4cb9b4f65e3b,evt_ca135834b3afa8ae,Jeff Green,NBA,15.46,24.97,16,0.42,3.8200,3.2200,5.6200,2.8100
$500 NBA Daily 8/18,2020-08-18T23:36:55.027832,estk_ca135834b3afa8ae2e7d4bf632563918,evt_ca135834b3afa8ae,Robert Covington,NBA,25.75,22.44,7.5,0.42,3.7800,4.8300,5.6300,2.8700
$500 NBA Daily 8/18,2020-08-18T23:36:55.027836,estk_ca135834b3afa8ae7e274b6cb95b0d20,evt_ca135834b3afa8ae,Danuel House,NBA,18.5,20.48,9.75,0.42,3.7200,3.5800,5.2400,2.6200
$500 NBA Daily 8/18,2020-08-18T23:36:55.027854,estk_ca135834b3afa8aed5d16483f5148c0b,evt_ca135834b3afa8ae,Darius Bazley,NBA,15.11,15.76,7,0.42,2.8600,3.2600,4.4400,1.8100
$500 NBA Daily 8/18,2020-08-18T23:36:55.027857,estk_ca135834b3afa8aece8e428feaa184fb,evt_ca135834b3afa8ae,Dennis Schroder,NBA,25.46,14.77,0,0.42,2.7500,4.7800,4.4300,1.9100
$500 NBA Daily 8/18,2020-08-18T23:36:55.027861,estk_ca135834b3afa8aed086e77c2f7fd9b3,evt_ca135834b3afa8ae,Hamidou Diallo,NBA,16.34,13.23,3.75,0.42,2.5000,3.4800,3.9500,1.5800
$500 NBA Daily 8/18,2020-08-18T23:36:55.027865,estk_ca135834b3afa8ae0b5bea604e9b515d,evt_ca135834b3afa8ae,Nerlens Noel,NBA,18.33,10.63,0,0.42,2.2100,3.6000,3.7500,1.3200
$500 NBA Daily 8/18,2020-08-18T23:36:55.027868,estk_ca135834b3afa8ae19f5682bdf2d2680,evt_ca135834b3afa8ae,DeMarre Carroll,NBA,10.13,5.88,0,0.42,1.7900,2.7800,3.3300,
$500 NBA Daily 8/18,2020-08-18T23:39:57.026210,estk_ca135834b3afa8ae998cf3066566c393,evt_ca135834b3afa8ae,James Harden,NBA,53.04,46.92,17.75,0.45,11.9200,9.5500,13.7900,10.3100
$500 NBA Daily 8/18,2020-08-18T23:39:57.026231,estk_ca135834b3afa8ae4d546eba965e40a0,evt_ca135834b3afa8ae,Steven Adams,NBA,33.86,34.62,16,0.45,6.8000,6.6800,8.5300,5.8200
$500 NBA Daily 8/18,2020-08-18T23:39:57.026235,estk_ca135834b3afa8ae86ea8af848cca3f6,evt_ca135834b3afa8ae,Chris Paul,NBA,40.85,36.47,14,0.45,6.4000,7.9900,8.0100,5.4100
$500 NBA Daily 8/18,2020-08-18T23:39:57.026239,estk_ca135834b3afa8ae6e1b2c66fb087a89,evt_ca135834b3afa8ae,Danilo Gallinari,NBA,28.03,30.42,15,0.45,6.2000,5.3400,7.5300,4.2900
$500 NBA Daily 8/18,2020-08-18T23:39:57.026251,estk_ca135834b3afa8ae9e314ab9e97d6d4e,evt_ca135834b3afa8ae,Eric Gordon,NBA,17.04,24.87,15.5,0.45,4.7000,3.4900,6.6000,3.4100
$500 NBA Daily 8/18,2020-08-18T23:39:57.026262,estk_ca135834b3afa8ae835e4cb9b4f65e3b,evt_ca135834b3afa8ae,Jeff Green,NBA,15.46,23.5,15,0.45,4.4600,3.2200,5.6200,2.8500
$500 NBA Daily 8/18,2020-08-18T23:39:57.026266,estk_ca135834b3afa8ae33aee19dae855240,evt_ca135834b3afa8ae,Shai Gilgeous-Alexander,NBA,31.57,24.86,7.5,0.45,4.4000,6.1000,5.9600,3.2200
$500 NBA Daily 8/18,2020-08-18T23:39:57.026277,estk_ca135834b3afa8aebb2265938b36951f,evt_ca135834b3afa8ae,P.J. Tucker,NBA,19.39,23.66,13,0.45,4.2700,3.7700,5.6200,2.7100
$500 NBA Daily 8/18,2020-08-18T23:39:57.026284,estk_ca135834b3afa8ae2e7d4bf632563918,evt_ca135834b3afa8ae,Robert Covington,NBA,25.75,22.91,8.75,0.45,3.9300,4.8300,5.6300,2.8700
$500 NBA Daily 8/18,2020-08-18T23:39:57.026295,estk_ca135834b3afa8ae7e274b6cb95b0d20,evt_ca135834b3afa8ae,Danuel House,NBA,18.5,19.93,9.75,0.45,3.5800,3.5800,5.2400,2.6200
$500 NBA Daily 8/18,2020-08-18T23:39:57.026309,estk_ca135834b3afa8aed5d16483f5148c0b,evt_ca135834b3afa8ae,Darius Bazley,NBA,15.11,15.31,7,0.45,2.7800,3.2600,4.4400,1.8100
$500 NBA Daily 8/18,2020-08-18T23:39:57.026313,estk_ca135834b3afa8aece8e428feaa184fb,evt_ca135834b3afa8ae,Dennis Schroder,NBA,25.46,14,0,0.45,2.7100,4.7800,4.4300,1.6100
$500 NBA Daily 8/18,2020-08-18T23:39:57.026317,estk_ca135834b3afa8aed086e77c2f7fd9b3,evt_ca135834b3afa8ae,Hamidou Diallo,NBA,16.34,12.74,3.75,0.45,2.4500,3.4800,3.9500,1.5800
$500 NBA Daily 8/18,2020-08-18T23:39:57.026321,estk_ca135834b3afa8ae0b5bea604e9b515d,evt_ca135834b3afa8ae,Nerlens Noel,NBA,18.33,10.08,0,0.45,2.2200,3.6000,3.7500,1.3200
$500 NBA Daily 8/18,2020-08-18T23:39:57.026324,estk_ca135834b3afa8ae19f5682bdf2d2680,evt_ca135834b3afa8ae,DeMarre Carroll,NBA,10.13,5.57,0,0.45,1.7500,2.7800,3.3300,
$500 NBA Daily 8/18,2020-08-18T23:40:57.683322,estk_ca135834b3afa8ae998cf3066566c393,evt_ca135834b3afa8ae,James Harden,NBA,53.04,46.39,17.75,0.46,11.9200,9.5500,13.7900,10.3100
$500 NBA Daily 8/18,2020-08-18T23:40:57.683344,estk_ca135834b3afa8ae4d546eba965e40a0,evt_ca135834b3afa8ae,Steven Adams,NBA,33.86,34.28,16,0.46,6.8000,6.6800,8.5300,5.8200
$500 NBA Daily 8/18,2020-08-18T23:40:57.683348,estk_ca135834b3afa8ae86ea8af848cca3f6,evt_ca135834b3afa8ae,Chris Paul,NBA,40.85,37.56,15.5,0.46,6.4000,7.9900,8.0100,5.4100
$500 NBA Daily 8/18,2020-08-18T23:40:57.683351,estk_ca135834b3afa8ae6e1b2c66fb087a89,evt_ca135834b3afa8ae,Danilo Gallinari,NBA,28.03,30.14,15,0.46,6.2000,5.3400,7.5300,4.2900
$500 NBA Daily 8/18,2020-08-18T23:40:57.683363,estk_ca135834b3afa8ae9e314ab9e97d6d4e,evt_ca135834b3afa8ae,Eric Gordon,NBA,17.04,24.7,15.5,0.46,4.7000,3.4900,6.6000,3.4100
$500 NBA Daily 8/18,2020-08-18T23:40:57.683374,estk_ca135834b3afa8ae835e4cb9b4f65e3b,evt_ca135834b3afa8ae,Jeff Green,NBA,15.46,23.35,15,0.46,4.4600,3.2200,5.6200,2.8500
$500 NBA Daily 8/18,2020-08-18T23:40:57.683378,estk_ca135834b3afa8ae33aee19dae855240,evt_ca135834b3afa8ae,Shai Gilgeous-Alexander,NBA,31.57,24.55,7.5,0.46,4.4000,6.1000,5.9600,3.2200
$500 NBA Daily 8/18,2020-08-18T23:40:57.683389,estk_ca135834b3afa8aebb2265938b36951f,evt_ca135834b3afa8ae,P.J. Tucker,NBA,19.39,23.47,13,0.46,4.2700,3.7700,5.6200,2.7100
$500 NBA Daily 8/18,2020-08-18T23:40:57.683396,estk_ca135834b3afa8ae2e7d4bf632563918,evt_ca135834b3afa8ae,Robert Covington,NBA,25.75,22.66,8.75,0.46,3.9300,4.8300,5.6300,2.8700
$500 NBA Daily 8/18,2020-08-18T23:40:57.683407,estk_ca135834b3afa8ae7e274b6cb95b0d20,evt_ca135834b3afa8ae,Danuel House,NBA,18.5,19.74,9.75,0.46,3.5800,3.5800,5.2400,2.6200
$500 NBA Daily 8/18,2020-08-18T23:40:57.683421,estk_ca135834b3afa8aed5d16483f5148c0b,evt_ca135834b3afa8ae,Darius Bazley,NBA,15.11,15.16,7,0.46,2.7800,3.2600,4.4400,1.8100
$500 NBA Daily 8/18,2020-08-18T23:40:57.683425,estk_ca135834b3afa8aece8e428feaa184fb,evt_ca135834b3afa8ae,Dennis Schroder,NBA,25.46,15.75,2,0.46,2.7100,4.7800,4.4300,1.6100
$500 NBA Daily 8/18,2020-08-18T23:40:57.683428,estk_ca135834b3afa8aed086e77c2f7fd9b3,evt_ca135834b3afa8ae,Hamidou Diallo,NBA,16.34,12.57,3.75,0.46,2.4500,3.4800,3.9500,1.5800
$500 NBA Daily 8/18,2020-08-18T23:40:57.683432,estk_ca135834b3afa8ae0b5bea604e9b515d,evt_ca135834b3afa8ae,Nerlens Noel,NBA,18.33,9.9,0,0.46,2.2200,3.6000,3.7500,1.3200
$500 NBA Daily 8/18,2020-08-18T23:40:57.683436,estk_ca135834b3afa8ae19f5682bdf2d2680,evt_ca135834b3afa8ae,DeMarre Carroll,NBA,10.13,5.47,0,0.46,1.7500,2.7800,3.3300,
$500 NBA Daily 8/18,2020-08-18T23:41:58.363751,estk_ca135834b3afa8ae998cf3066566c393,evt_ca135834b3afa8ae,James Harden,NBA,53.04,45.36,17.25,0.47,10.9700,9.5500,12.6900,9.2500
$500 NBA Daily 8/18,2020-08-18T23:41:58.363765,estk_ca135834b3afa8ae86ea8af848cca3f6,evt_ca135834b3afa8ae,Chris Paul,NBA,40.85,40.4,18.75,0.47,7.9100,7.9900,9.5700,6.2500
$500 NBA Daily 8/18,2020-08-18T23:41:58.363772,estk_ca135834b3afa8ae4d546eba965e40a0,evt_ca135834b3afa8ae,Steven Adams,NBA,33.86,33.95,16,0.47,6.8900,6.6800,8.5300,5.8200
$500 NBA Daily 8/18,2020-08-18T23:41:58.363776,estk_ca135834b3afa8ae6e1b2c66fb087a89,evt_ca135834b3afa8ae,Danilo Gallinari,NBA,28.03,29.86,15,0.47,5.7000,5.3400,7.5300,4.2900
$500 NBA Daily 8/18,2020-08-18T23:41:58.363799,estk_ca135834b3afa8ae9e314ab9e97d6d4e,evt_ca135834b3afa8ae,Eric Gordon,NBA,17.04,24.53,15.5,0.47,4.3500,3.4900,5.9400,3.4100
$500 NBA Daily 8/18,2020-08-18T23:41:58.363802,estk_ca135834b3afa8ae33aee19dae855240,evt_ca135834b3afa8ae,Shai Gilgeous-Alexander,NBA,31.57,24.23,7.5,0.47,4.3400,6.1000,5.9600,3.2200
$500 NBA Daily 8/18,2020-08-18T23:41:58.363814,estk_ca135834b3afa8aebb2265938b36951f,evt_ca135834b3afa8ae,P.J. Tucker,NBA,19.39,23.28,13,0.47,4.1100,3.7700,5.6200,2.7100
$500 NBA Daily 8/18,2020-08-18T23:41:58.363817,estk_ca135834b3afa8ae835e4cb9b4f65e3b,evt_ca135834b3afa8ae,Jeff Green,NBA,15.46,23.19,15,0.47,4.0700,3.2200,5.6200,2.8500
$500 NBA Daily 8/18,2020-08-18T23:41:58.363821,estk_ca135834b3afa8ae2e7d4bf632563918,evt_ca135834b3afa8ae,Robert Covington,NBA,25.75,22.4,8.75,0.47,3.9500,4.8300,5.6300,2.8700
$500 NBA Daily 8/18,2020-08-18T23:41:58.363833,estk_ca135834b3afa8ae7e274b6cb95b0d20,evt_ca135834b3afa8ae,Danuel House,NBA,18.5,19.55,9.75,0.47,3.3900,3.5800,5.2400,2.5400
$500 NBA Daily 8/18,2020-08-18T23:41:58.363847,estk_ca135834b3afa8aece8e428feaa184fb,evt_ca135834b3afa8ae,Dennis Schroder,NBA,25.46,15.49,2,0.47,2.7300,4.7800,4.4300,1.6100
$500 NBA Daily 8/18,2020-08-18T23:41:58.363851,estk_ca135834b3afa8aed5d16483f5148c0b,evt_ca135834b3afa8ae,Darius Bazley,NBA,15.11,15.01,7,0.47,2.7100,3.2600,4.4400,1.8100
$500 NBA Daily 8/18,2020-08-18T23:41:58.363854,estk_ca135834b3afa8aed086e77c2f7fd9b3,evt_ca135834b3afa8ae,Hamidou Diallo,NBA,16.34,12.41,3.75,0.47,2.3400,3.4800,3.9500,1.5200
$500 NBA Daily 8/18,2020-08-18T23:41:58.363858,estk_ca135834b3afa8ae0b5bea604e9b515d,evt_ca135834b3afa8ae,Nerlens Noel,NBA,18.33,9.71,0,0.47,2.0900,3.6000,3.7500,1.2800
$500 NBA Daily 8/18,2020-08-18T23:41:58.363862,estk_ca135834b3afa8ae19f5682bdf2d2680,evt_ca135834b3afa8ae,DeMarre Carroll,NBA,10.13,5.37,0,0.47,1.6700,2.7800,3.3300,
$500 NBA Daily 8/18,2020-08-18T23:45:00.309264,estk_ca135834b3afa8ae998cf3066566c393,evt_ca135834b3afa8ae,James Harden,NBA,53.04,45.05,18,0.49,10.6700,9.5500,12.6900,9.2500
$500 NBA Daily 8/18,2020-08-18T23:45:00.309272,estk_ca135834b3afa8ae86ea8af848cca3f6,evt_ca135834b3afa8ae,Chris Paul,NBA,40.85,39.08,18.25,0.49,8.8800,7.9900,10.6100,7.2500
$500 NBA Daily 8/18,2020-08-18T23:45:00.309280,estk_ca135834b3afa8ae4d546eba965e40a0,evt_ca135834b3afa8ae,Steven Adams,NBA,33.86,34.27,17,0.49,6.7300,6.6800,8.5300,5.6600
$500 NBA Daily 8/18,2020-08-18T23:45:00.309284,estk_ca135834b3afa8ae6e1b2c66fb087a89,evt_ca135834b3afa8ae,Danilo Gallinari,NBA,28.03,32.3,18,0.49,6.1700,5.3400,7.5300,4.2900
$500 NBA Daily 8/18,2020-08-18T23:45:00.309296,estk_ca135834b3afa8ae9e314ab9e97d6d4e,evt_ca135834b3afa8ae,Eric Gordon,NBA,17.04,27.44,18.75,0.49,4.7800,3.4900,5.9400,3.4100
$500 NBA Daily 8/18,2020-08-18T23:45:00.309317,estk_ca135834b3afa8ae33aee19dae855240,evt_ca135834b3afa8ae,Shai Gilgeous-Alexander,NBA,31.57,23.6,7.5,0.49,4.1800,6.1000,5.9600,3.2200
$500 NBA Daily 8/18,2020-08-18T23:45:00.309321,estk_ca135834b3afa8aebb2265938b36951f,evt_ca135834b3afa8ae,P.J. Tucker,NBA,19.39,22.89,13,0.49,3.9700,3.7700,5.6200,2.7100
$500 NBA Daily 8/18,2020-08-18T23:45:00.309325,estk_ca135834b3afa8ae835e4cb9b4f65e3b,evt_ca135834b3afa8ae,Jeff Green,NBA,15.46,26.38,18.5,0.49,3.9300,3.2200,5.6200,2.8500
$500 NBA Daily 8/18,2020-08-18T23:45:00.309332,estk_ca135834b3afa8ae2e7d4bf632563918,evt_ca135834b3afa8ae,Robert Covington,NBA,25.75,21.88,8.75,0.49,3.8400,4.8300,5.6300,2.8700
$500 NBA Daily 8/18,2020-08-18T23:45:00.309340,estk_ca135834b3afa8ae7e274b6cb95b0d20,evt_ca135834b3afa8ae,Danuel House,NBA,18.5,19.19,9.75,0.49,3.3400,3.5800,5.2400,2.4600
$500 NBA Daily 8/18,2020-08-18T23:45:00.309354,estk_ca135834b3afa8aece8e428feaa184fb,evt_ca135834b3afa8ae,Dennis Schroder,NBA,25.46,14.98,2,0.49,2.7100,4.7800,4.4300,1.6100
$500 NBA Daily 8/18,2020-08-18T23:45:00.309358,estk_ca135834b3afa8aed5d16483f5148c0b,evt_ca135834b3afa8ae,Darius Bazley,NBA,15.11,14.71,7,0.49,2.6200,3.2600,4.4400,1.8100
$500 NBA Daily 8/18,2020-08-18T23:45:00.309362,estk_ca135834b3afa8aed086e77c2f7fd9b3,evt_ca135834b3afa8ae,Hamidou Diallo,NBA,16.34,12.08,3.75,0.49,2.2800,3.4800,3.9500,1.3900
$500 NBA Daily 8/18,2020-08-18T23:45:00.309366,estk_ca135834b3afa8ae0b5bea604e9b515d,evt_ca135834b3afa8ae,Nerlens Noel,NBA,18.33,9.35,0,0.49,2.0100,3.6000,3.7500,1.1900
$500 NBA Daily 8/18,2020-08-18T23:45:00.309369,estk_ca135834b3afa8ae19f5682bdf2d2680,evt_ca135834b3afa8ae,DeMarre Carroll,NBA,10.13,5.17,0,0.49,1.6500,2.7800,3.3300,
$500 NBA Daily 8/18,2020-08-18T23:46:00.951356,estk_ca135834b3afa8ae998cf3066566c393,evt_ca135834b3afa8ae,James Harden,NBA,53.04,47.52,21,0.5,10.6700,9.5500,12.6900,9.2500
$500 NBA Daily 8/18,2020-08-18T23:46:00.951365,estk_ca135834b3afa8ae86ea8af848cca3f6,evt_ca135834b3afa8ae,Chris Paul,NBA,40.85,38.67,18.25,0.5,8.8800,7.9900,10.6100,7.2500
$500 NBA Daily 8/18,2020-08-18T23:46:00.951373,estk_ca135834b3afa8ae4d546eba965e40a0,evt_ca135834b3afa8ae,Steven Adams,NBA,33.86,33.93,17,0.5,6.7300,6.6800,8.5300,5.6600
$500 NBA Daily 8/18,2020-08-18T23:46:00.951377,estk_ca135834b3afa8ae6e1b2c66fb087a89,evt_ca135834b3afa8ae,Danilo Gallinari,NBA,28.03,34.02,20,0.5,6.1700,5.3400,7.5300,4.2900
$500 NBA Daily 8/18,2020-08-18T23:46:00.951388,estk_ca135834b3afa8ae9e314ab9e97d6d4e,evt_ca135834b3afa8ae,Eric Gordon,NBA,17.04,29.27,20.75,0.5,4.7800,3.4900,5.9400,3.4100
$500 NBA Daily 8/18,2020-08-18T23:46:00.951410,estk_ca135834b3afa8ae33aee19dae855240,evt_ca135834b3afa8ae,Shai Gilgeous-Alexander,NBA,31.57,23.29,7.5,0.5,4.1800,6.1000,5.9600,3.2200
$500 NBA Daily 8/18,2020-08-18T23:46:00.951414,estk_ca135834b3afa8aebb2265938b36951f,evt_ca135834b3afa8ae,P.J. Tucker,NBA,19.39,22.7,13,0.5,3.9700,3.7700,5.6200,2.7100
$500 NBA Daily 8/18,2020-08-18T23:46:00.951418,estk_ca135834b3afa8ae835e4cb9b4f65e3b,evt_ca135834b3afa8ae,Jeff Green,NBA,15.46,27.73,20,0.5,3.9300,3.2200,5.6200,2.8500
$500 NBA Daily 8/18,2020-08-18T23:46:00.951425,estk_ca135834b3afa8ae2e7d4bf632563918,evt_ca135834b3afa8ae,Robert Covington,NBA,25.75,21.63,8.75,0.5,3.8400,4.8300,5.6300,2.8700
$500 NBA Daily 8/18,2020-08-18T23:46:00.951433,estk_ca135834b3afa8ae7e274b6cb95b0d20,evt_ca135834b3afa8ae,Danuel House,NBA,18.5,19,9.75,0.5,3.3400,3.5800,5.2400,2.4600
$500 NBA Daily 8/18,2020-08-18T23:46:00.951447,estk_ca135834b3afa8aece8e428feaa184fb,evt_ca135834b3afa8ae,Dennis Schroder,NBA,25.46,16.23,3.5,0.5,2.7100,4.7800,4.4300,1.6100
$500 NBA Daily 8/18,2020-08-18T23:46:00.951451,estk_ca135834b3afa8aed5d16483f5148c0b,evt_ca135834b3afa8ae,Darius Bazley,NBA,15.11,14.55,7,0.5,2.6200,3.2600,4.4400,1.8100
$500 NBA Daily 8/18,2020-08-18T23:46:00.951455,estk_ca135834b3afa8aed086e77c2f7fd9b3,evt_ca135834b3afa8ae,Hamidou Diallo,NBA,16.34,11.92,3.75,0.5,2.2800,3.4800,3.9500,1.3900
$500 NBA Daily 8/18,2020-08-18T23:46:00.951459,estk_ca135834b3afa8ae0b5bea604e9b515d,evt_ca135834b3afa8ae,Nerlens Noel,NBA,18.33,9.16,0,0.5,2.0100,3.6000,3.7500,1.1900
$500 NBA Daily 8/18,2020-08-18T23:46:00.951463,estk_ca135834b3afa8ae19f5682bdf2d2680,evt_ca135834b3afa8ae,DeMarre Carroll,NBA,10.13,5.07,0,0.5,1.6500,2.7800,3.3300,
$500 NBA Daily 8/18,2020-08-19T00:04:13.263708,estk_ca135834b3afa8ae998cf3066566c393,evt_ca135834b3afa8ae,James Harden,NBA,53.04,47.99,22,0.51,11.7900,9.5500,13.2000,9.6600
$500 NBA Daily 8/18,2020-08-19T00:04:13.263722,estk_ca135834b3afa8ae86ea8af848cca3f6,evt_ca135834b3afa8ae,Chris Paul,NBA,40.85,39.77,19.75,0.51,8.1400,7.9900,9.7500,6.4800
$500 NBA Daily 8/18,2020-08-19T00:04:13.263729,estk_ca135834b3afa8ae6e1b2c66fb087a89,evt_ca135834b3afa8ae,Danilo Gallinari,NBA,28.03,34.98,21.25,0.51,6.6300,5.3400,8.2400,5.0000
$500 NBA Daily 8/18,2020-08-19T00:04:13.263734,estk_ca135834b3afa8ae4d546eba965e40a0,evt_ca135834b3afa8ae,Steven Adams,NBA,33.86,36.09,19.5,0.51,6.4800,6.6800,8.0200,5.2500
$500 NBA Daily 8/18,2020-08-19T00:04:13.263742,estk_ca135834b3afa8ae9e314ab9e97d6d4e,evt_ca135834b3afa8ae,Eric Gordon,NBA,17.04,28.6,20.25,0.51,5.3200,3.4900,6.8800,3.7400
$500 NBA Daily 8/18,2020-08-19T00:04:13.263750,estk_ca135834b3afa8ae835e4cb9b4f65e3b,evt_ca135834b3afa8ae,Jeff Green,NBA,15.46,27.58,20,0.51,4.8900,3.2200,6.5400,3.3400
$500 NBA Daily 8/18,2020-08-19T00:04:13.263772,estk_ca135834b3afa8ae33aee19dae855240,evt_ca135834b3afa8ae,Shai Gilgeous-Alexander,NBA,31.57,22.97,7.5,0.51,3.9500,6.1000,5.4600,2.9300
$500 NBA Daily 8/18,2020-08-19T00:04:13.263779,estk_ca135834b3afa8aebb2265938b36951f,evt_ca135834b3afa8ae,P.J. Tucker,NBA,19.39,22,12.5,0.51,3.8200,3.7700,5.6200,2.7100
$500 NBA Daily 8/18,2020-08-19T00:04:13.263783,estk_ca135834b3afa8ae2e7d4bf632563918,evt_ca135834b3afa8ae,Robert Covington,NBA,25.75,21.37,8.75,0.51,3.5500,4.8300,5.1100,2.5400
$500 NBA Daily 8/18,2020-08-19T00:04:13.263794,estk_ca135834b3afa8ae7e274b6cb95b0d20,evt_ca135834b3afa8ae,Danuel House,NBA,18.5,18.81,9.75,0.51,3.0800,3.5800,4.6200,2.2200
$500 NBA Daily 8/18,2020-08-19T00:04:13.263805,estk_ca135834b3afa8aece8e428feaa184fb,evt_ca135834b3afa8ae,Dennis Schroder,NBA,25.46,15.98,3.5,0.51,2.6500,4.7800,4.4300,1.6100
$500 NBA Daily 8/18,2020-08-19T00:04:13.263809,estk_ca135834b3afa8aed5d16483f5148c0b,evt_ca135834b3afa8ae,Darius Bazley,NBA,15.11,14.4,7,0.51,2.4400,3.2600,4.4400,1.6200
$500 NBA Daily 8/18,2020-08-19T00:04:13.263813,estk_ca135834b3afa8aed086e77c2f7fd9b3,evt_ca135834b3afa8ae,Hamidou Diallo,NBA,16.34,11.76,3.75,0.51,2.1600,3.4800,3.9500,1.2400
$500 NBA Daily 8/18,2020-08-19T00:04:13.263817,estk_ca135834b3afa8ae0b5bea604e9b515d,evt_ca135834b3afa8ae,Nerlens Noel,NBA,18.33,8.98,0,0.51,1.8700,3.6000,3.7500,
$500 NBA Daily 8/18,2020-08-19T00:04:13.263821,estk_ca135834b3afa8ae19f5682bdf2d2680,evt_ca135834b3afa8ae,DeMarre Carroll,NBA,10.13,4.96,0,0.51,1.5900,2.7800,3.3300,
$500 NBA Daily 8/18,2020-08-19T00:05:13.934550,estk_ca135834b3afa8ae998cf3066566c393,evt_ca135834b3afa8ae,James Harden,NBA,53.04,47.46,22,0.52,11.3500,9.5500,13.2000,9.6600
$500 NBA Daily 8/18,2020-08-19T00:05:13.934563,estk_ca135834b3afa8ae86ea8af848cca3f6,evt_ca135834b3afa8ae,Chris Paul,NBA,40.85,40.86,21.25,0.52,8.4000,7.9900,9.7500,6.4800
$500 NBA Daily 8/18,2020-08-19T00:05:13.934567,estk_ca135834b3afa8ae4d546eba965e40a0,evt_ca135834b3afa8ae,Steven Adams,NBA,33.86,37.75,21.5,0.52,7.1900,6.6800,8.8300,5.2500
$500 NBA Daily 8/18,2020-08-19T00:05:13.934571,estk_ca135834b3afa8ae6e1b2c66fb087a89,evt_ca135834b3afa8ae,Danilo Gallinari,NBA,28.03,34.7,21.25,0.52,6.9200,5.3400,8.2400,5.0000
$500 NBA Daily 8/18,2020-08-19T00:05:13.934587,estk_ca135834b3afa8ae9e314ab9e97d6d4e,evt_ca135834b3afa8ae,Eric Gordon,NBA,17.04,28.43,20.25,0.52,5.0800,3.4900,6.8800,3.7400
$500 NBA Daily 8/18,2020-08-19T00:05:13.934591,estk_ca135834b3afa8ae835e4cb9b4f65e3b,evt_ca135834b3afa8ae,Jeff Green,NBA,15.46,27.42,20,0.52,4.8400,3.2200,6.5400,3.3400
$500 NBA Daily 8/18,2020-08-19T00:05:13.934617,estk_ca135834b3afa8ae33aee19dae855240,evt_ca135834b3afa8ae,Shai Gilgeous-Alexander,NBA,31.57,26.15,11,0.52,3.7700,6.1000,5.4600,2.9300
$500 NBA Daily 8/18,2020-08-19T00:05:13.934620,estk_ca135834b3afa8aebb2265938b36951f,evt_ca135834b3afa8ae,P.J. Tucker,NBA,19.39,23.81,14.5,0.52,3.5700,3.7700,5.6200,2.7100
$500 NBA Daily 8/18,2020-08-19T00:05:13.934628,estk_ca135834b3afa8ae2e7d4bf632563918,evt_ca135834b3afa8ae,Robert Covington,NBA,25.75,22.61,10.25,0.52,3.4400,4.8300,5.1100,2.5400
$500 NBA Daily 8/18,2020-08-19T00:05:13.934635,estk_ca135834b3afa8ae7e274b6cb95b0d20,evt_ca135834b3afa8ae,Danuel House,NBA,18.5,18.63,9.75,0.52,3.0500,3.5800,4.6200,2.2200
$500 NBA Daily 8/18,2020-08-19T00:05:13.934646,estk_ca135834b3afa8aece8e428feaa184fb,evt_ca135834b3afa8ae,Dennis Schroder,NBA,25.46,15.72,3.5,0.52,2.6400,4.7800,4.4300,1.6100
$500 NBA Daily 8/18,2020-08-19T00:05:13.934650,estk_ca135834b3afa8aed5d16483f5148c0b,evt_ca135834b3afa8ae,Darius Bazley,NBA,15.11,14.25,7,0.52,2.4300,3.2600,4.4400,1.6200
$500 NBA Daily 8/18,2020-08-19T00:05:13.934653,estk_ca135834b3afa8aed086e77c2f7fd9b3,evt_ca135834b3afa8ae,Hamidou Diallo,NBA,16.34,11.59,3.75,0.52,2.1200,3.4800,3.9500,1.2400
$500 NBA Daily 8/18,2020-08-19T00:05:13.934657,estk_ca135834b3afa8ae0b5bea604e9b515d,evt_ca135834b3afa8ae,Nerlens Noel,NBA,18.33,8.8,0,0.52,1.8200,3.6000,3.7500,
$500 NBA Daily 8/18,2020-08-19T00:05:13.934661,estk_ca135834b3afa8ae19f5682bdf2d2680,evt_ca135834b3afa8ae,DeMarre Carroll,NBA,10.13,4.86,0,0.52,1.5400,2.7800,3.3300,
$500 NBA Daily 8/18,2020-08-19T00:06:14.634933,estk_ca135834b3afa8ae998cf3066566c393,evt_ca135834b3afa8ae,James Harden,NBA,53.04,48.18,23.25,0.53,11.4100,9.5500,13.2000,9.6600
$500 NBA Daily 8/18,2020-08-19T00:06:14.634947,estk_ca135834b3afa8ae86ea8af848cca3f6,evt_ca135834b3afa8ae,Chris Paul,NBA,40.85,41.7,22.5,0.53,9.0300,7.9900,9.7500,7.3500
$500 NBA Daily 8/18,2020-08-19T00:06:14.634951,estk_ca135834b3afa8ae4d546eba965e40a0,evt_ca135834b3afa8ae,Steven Adams,NBA,33.86,41.41,25.5,0.53,8.8500,6.6800,8.8300,5.2500
$500 NBA Daily 8/18,2020-08-19T00:06:14.634958,estk_ca135834b3afa8ae6e1b2c66fb087a89,evt_ca135834b3afa8ae,Danilo Gallinari,NBA,28.03,33.92,20.75,0.53,6.4100,5.3400,8.2400,5.0000
$500 NBA Daily 8/18,2020-08-19T00:06:14.634971,estk_ca135834b3afa8ae9e314ab9e97d6d4e,evt_ca135834b3afa8ae,Eric Gordon,NBA,17.04,28.26,20.25,0.53,4.8700,3.4900,6.8800,3.7400
$500 NBA Daily 8/18,2020-08-19T00:06:14.634975,estk_ca135834b3afa8ae835e4cb9b4f65e3b,evt_ca135834b3afa8ae,Jeff Green,NBA,15.46,27.27,20,0.53,4.6900,3.2200,6.5400,3.3400
$500 NBA Daily 8/18,2020-08-19T00:06:14.634989,estk_ca135834b3afa8ae33aee19dae855240,evt_ca135834b3afa8ae,Shai Gilgeous-Alexander,NBA,31.57,25.84,11,0.53,4.3300,6.1000,5.4600,2.9300
$500 NBA Daily 8/18,2020-08-19T00:06:14.635004,estk_ca135834b3afa8aebb2265938b36951f,evt_ca135834b3afa8ae,P.J. Tucker,NBA,19.39,23.11,14,0.53,3.7300,3.7700,5.6200,2.7100
$500 NBA Daily 8/18,2020-08-19T00:06:14.635011,estk_ca135834b3afa8ae2e7d4bf632563918,evt_ca135834b3afa8ae,Robert Covington,NBA,25.75,21.85,9.75,0.53,3.4700,4.8300,5.1100,2.5400
$500 NBA Daily 8/18,2020-08-19T00:06:14.635022,estk_ca135834b3afa8ae7e274b6cb95b0d20,evt_ca135834b3afa8ae,Danuel House,NBA,18.5,18.45,9.75,0.53,2.9000,3.5800,4.6200,2.2200
$500 NBA Daily 8/18,2020-08-19T00:06:14.635029,estk_ca135834b3afa8aece8e428feaa184fb,evt_ca135834b3afa8ae,Dennis Schroder,NBA,25.46,15.47,3.5,0.53,2.4600,4.7800,4.4300,1.6100
$500 NBA Daily 8/18,2020-08-19T00:06:14.635033,estk_ca135834b3afa8aed5d16483f5148c0b,evt_ca135834b3afa8ae,Darius Bazley,NBA,15.11,14.1,7,0.53,2.2900,3.2600,4.4400,1.6200
$500 NBA Daily 8/18,2020-08-19T00:06:14.635037,estk_ca135834b3afa8aed086e77c2f7fd9b3,evt_ca135834b3afa8ae,Hamidou Diallo,NBA,16.34,11.43,3.75,0.53,2.0100,3.4800,3.9500,1.2000
$500 NBA Daily 8/18,2020-08-19T00:06:14.635040,estk_ca135834b3afa8ae0b5bea604e9b515d,evt_ca135834b3afa8ae,Nerlens Noel,NBA,18.33,8.62,0,0.53,1.7500,3.6000,3.7500,
$500 NBA Daily 8/18,2020-08-19T00:06:14.635044,estk_ca135834b3afa8ae19f5682bdf2d2680,evt_ca135834b3afa8ae,DeMarre Carroll,NBA,10.13,4.76,0,0.53,1.4800,2.7800,3.3300,
$500 NBA Daily 8/18,2020-08-19T00:07:15.258785,estk_ca135834b3afa8ae998cf3066566c393,evt_ca135834b3afa8ae,James Harden,NBA,53.04,48.59,25.25,0.56,11.3900,9.5500,13.2000,9.6600
$500 NBA Daily 8/18,2020-08-19T00:07:15.258798,estk_ca135834b3afa8ae86ea8af848cca3f6,evt_ca135834b3afa8ae,Chris Paul,NBA,40.85,41.97,24,0.56,9.0200,7.9900,10.7000,7.3500
$500 NBA Daily 8/18,2020-08-19T00:07:15.258802,estk_ca135834b3afa8ae4d546eba965e40a0,evt_ca135834b3afa8ae,Steven Adams,NBA,33.86,43.65,28.75,0.56,8.7900,6.6800,10.4700,7.1100
$500 NBA Daily 8/18,2020-08-19T00:07:15.258810,estk_ca135834b3afa8ae6e1b2c66fb087a89,evt_ca135834b3afa8ae,Danilo Gallinari,NBA,28.03,34.58,22.25,0.56,6.4100,5.3400,8.2400,5.0000
$500 NBA Daily 8/18,2020-08-19T00:07:15.258822,estk_ca135834b3afa8ae9e314ab9e97d6d4e,evt_ca135834b3afa8ae,Eric Gordon,NBA,17.04,29.25,21.75,0.56,4.8700,3.4900,6.8800,3.7400
$500 NBA Daily 8/18,2020-08-19T00:07:15.258825,estk_ca135834b3afa8ae835e4cb9b4f65e3b,evt_ca135834b3afa8ae,Jeff Green,NBA,15.46,26.8,20,0.56,4.6500,3.2200,6.5400,3.3400
$500 NBA Daily 8/18,2020-08-19T00:07:15.258840,estk_ca135834b3afa8ae33aee19dae855240,evt_ca135834b3afa8ae,Shai Gilgeous-Alexander,NBA,31.57,24.39,10.5,0.56,4.2800,6.1000,5.4600,2.9300
$500 NBA Daily 8/18,2020-08-19T00:07:15.258855,estk_ca135834b3afa8aebb2265938b36951f,evt_ca135834b3afa8ae,P.J. Tucker,NBA,19.39,22.53,14,0.56,3.7500,3.7700,5.6200,2.7100
$500 NBA Daily 8/18,2020-08-19T00:07:15.258862,estk_ca135834b3afa8ae2e7d4bf632563918,evt_ca135834b3afa8ae,Robert Covington,NBA,25.75,27.33,16,0.56,3.5100,4.8300,5.1100,2.5400
$500 NBA Daily 8/18,2020-08-19T00:07:15.258873,estk_ca135834b3afa8ae7e274b6cb95b0d20,evt_ca135834b3afa8ae,Danuel House,NBA,18.5,19.89,11.75,0.56,2.8900,3.5800,4.6200,2.0100
$500 NBA Daily 8/18,2020-08-19T00:07:15.258881,estk_ca135834b3afa8aece8e428feaa184fb,evt_ca135834b3afa8ae,Dennis Schroder,NBA,25.46,14.7,3.5,0.56,2.4800,4.7800,4.0300,1.6100
$500 NBA Daily 8/18,2020-08-19T00:07:15.258885,estk_ca135834b3afa8aed5d16483f5148c0b,evt_ca135834b3afa8ae,Darius Bazley,NBA,15.11,13.65,7,0.56,2.3200,3.2600,3.8400,1.4800
$500 NBA Daily 8/18,2020-08-19T00:07:15.258888,estk_ca135834b3afa8aed086e77c2f7fd9b3,evt_ca135834b3afa8ae,Hamidou Diallo,NBA,16.34,10.94,3.75,0.56,2.0200,3.4800,3.9500,1.2000
$500 NBA Daily 8/18,2020-08-19T00:07:15.258892,estk_ca135834b3afa8ae0b5bea604e9b515d,evt_ca135834b3afa8ae,Nerlens Noel,NBA,18.33,8.07,0,0.56,1.7500,3.6000,3.2900,
$500 NBA Daily 8/18,2020-08-19T00:07:15.258896,estk_ca135834b3afa8ae19f5682bdf2d2680,evt_ca135834b3afa8ae,DeMarre Carroll,NBA,10.13,4.46,0,0.56,1.4900,2.7800,3.3300,
$500 NBA Daily 8/18,2020-08-19T00:08:15.883501,estk_ca135834b3afa8ae998cf3066566c393,evt_ca135834b3afa8ae,James Harden,NBA,53.04,47.53,25.25,0.58,11.4600,9.5500,13.2000,9.7300
$500 NBA Daily 8/18,2020-08-19T00:08:15.883516,estk_ca135834b3afa8ae4d546eba965e40a0,evt_ca135834b3afa8ae,Steven Adams,NBA,33.86,43.72,29.5,0.58,9.5900,6.6800,11.2800,7.9000
$500 NBA Daily 8/18,2020-08-19T00:08:15.883521,estk_ca135834b3afa8ae86ea8af848cca3f6,evt_ca135834b3afa8ae,Chris Paul,NBA,40.85,43.16,26,0.58,8.9700,7.9900,10.7000,7.3500
$500 NBA Daily 8/18,2020-08-19T00:08:15.883529,estk_ca135834b3afa8ae6e1b2c66fb087a89,evt_ca135834b3afa8ae,Danilo Gallinari,NBA,28.03,36.02,24.25,0.58,6.5200,5.3400,8.2400,5.0000
$500 NBA Daily 8/18,2020-08-19T00:08:15.883543,estk_ca135834b3afa8ae9e314ab9e97d6d4e,evt_ca135834b3afa8ae,Eric Gordon,NBA,17.04,27.91,20.75,0.58,5.0000,3.4900,6.8800,3.7400
$500 NBA Daily 8/18,2020-08-19T00:08:15.883548,estk_ca135834b3afa8ae2e7d4bf632563918,evt_ca135834b3afa8ae,Robert Covington,NBA,25.75,26.82,16,0.58,4.4900,4.8300,6.0800,2.9000
$500 NBA Daily 8/18,2020-08-19T00:08:15.883564,estk_ca135834b3afa8ae835e4cb9b4f65e3b,evt_ca135834b3afa8ae,Jeff Green,NBA,15.46,26.49,20,0.58,4.3700,3.2200,5.9600,3.3400
$500 NBA Daily 8/18,2020-08-19T00:08:15.883578,estk_ca135834b3afa8ae33aee19dae855240,evt_ca135834b3afa8ae,Shai Gilgeous-Alexander,NBA,31.57,23.76,10.5,0.58,3.8300,6.1000,5.4600,2.9300
$500 NBA Daily 8/18,2020-08-19T00:08:15.883586,estk_ca135834b3afa8aebb2265938b36951f,evt_ca135834b3afa8ae,P.J. Tucker,NBA,19.39,22.14,14,0.58,3.5300,3.7700,5.1000,2.6700
$500 NBA Daily 8/18,2020-08-19T00:08:15.883599,estk_ca135834b3afa8ae7e274b6cb95b0d20,evt_ca135834b3afa8ae,Danuel House,NBA,18.5,19.52,11.75,0.58,3.0200,3.5800,4.6200,2.0100
$500 NBA Daily 8/18,2020-08-19T00:08:15.883612,estk_ca135834b3afa8aece8e428feaa184fb,evt_ca135834b3afa8ae,Dennis Schroder,NBA,25.46,14.19,3.5,0.58,2.2500,4.7800,3.8000,1.4500
