name,time,id,event_id,stock_name,sector,fantasy_points_projected,fantasy_points_projected_live,fantasy_points_scored,amount_completed,estimated_price,last_price,ask_price,bid_price
$50 NBA Daily 8/17,2020-08-17T14:39:36.679228,estk_bf9a2e4cc8dc29a87a763361bd2f9a08,evt_bf9a2e4cc8dc29a8,Joel Embiid,NBA,51.78,,,,,,,
$50 NBA Daily 8/17,2020-08-17T14:39:36.679256,estk_bf9a2e4cc8dc29a8953b227a97f4290a,evt_bf9a2e4cc8dc29a8,Luka Doncic,NBA,50.84,,,,,,,
$50 NBA Daily 8/17,2020-08-17T14:39:36.679261,estk_bf9a2e4cc8dc29a8a488da70359965f9,evt_bf9a2e4cc8dc29a8,Kristaps Porzingis,NBA,42.73,,,,,,,
$50 NBA Daily 8/17,2020-08-17T14:39:36.679265,estk_bf9a2e4cc8dc29a8bb115bd4f54ff319,evt_bf9a2e4cc8dc29a8,Kawhi Leonard,NBA,42.29,,,,,,,
$50 NBA Daily 8/17,2020-08-17T14:39:36.679269,estk_bf9a2e4cc8dc29a8f59563a6406f63f4,evt_bf9a2e4cc8dc29a8,Paul George,NBA,40.13,,,,,,,
$50 NBA Daily 8/17,2020-08-17T14:39:36.679273,estk_bf9a2e4cc8dc29a8da4bddbbc347c31f,evt_bf9a2e4cc8dc29a8,Jayson Tatum,NBA,35.35,,,,,,,
$50 NBA Daily 8/17,2020-08-17T14:39:36.679277,estk_bf9a2e4cc8dc29a877c3d3d4d8ad15c5,evt_bf9a2e4cc8dc29a8,Tobias Harris,NBA,31.88,,,,,,,
$50 NBA Daily 8/17,2020-08-17T14:39:36.679280,estk_bf9a2e4cc8dc29a84b8c495d9fa8db90,evt_bf9a2e4cc8dc29a8,Jaylen Brown,NBA,29.04,,,,,,,
$50 NBA Daily 8/17,2020-08-17T14:39:36.679284,estk_bf9a2e4cc8dc29a8f7c5bbc448149f99,evt_bf9a2e4cc8dc29a8,Gordon Hayward,NBA,28.9,,,,,,,
$50 NBA Daily 8/17,2020-08-17T14:39:36.679288,estk_bf9a2e4cc8dc29a8a9edb859d18234d0,evt_bf9a2e4cc8dc29a8,Kemba Walker,NBA,27.97,,,,,,,
$50 NBA Daily 8/17,2020-08-17T14:39:36.679291,estk_bf9a2e4cc8dc29a863a58b55849249a4,evt_bf9a2e4cc8dc29a8,Al Horford,NBA,27.79,,,,,,,
$50 NBA Daily 8/17,2020-08-17T14:39:36.679297,estk_bf9a2e4cc8dc29a86d025fb040fb2e88,evt_bf9a2e4cc8dc29a8,Dorian Finney-Smith,NBA,24.7,,,,,,,
$50 NBA Daily 8/17,2020-08-17T14:39:36.679301,estk_bf9a2e4cc8dc29a8b3147c681557a264,evt_bf9a2e4cc8dc29a8,Josh Richardson,NBA,23.84,,,,,,,
$50 NBA Daily 8/17,2020-08-17T14:39:36.679305,estk_bf9a2e4cc8dc29a8af1a06f413850d3c,evt_bf9a2e4cc8dc29a8,Montrezl Harrell,NBA,22.9,,,,,,,
$50 NBA Daily 8/17,2020-08-17T14:39:36.679308,estk_bf9a2e4cc8dc29a88bf6dd5c69dbd6c9,evt_bf9a2e4cc8dc29a8,Tim Hardaway,NBA,21.55,,,,,,,
$50 NBA Daily 8/17,2020-08-17T14:39:36.679312,estk_bf9a2e4cc8dc29a8049fe8ca7bf97ec4,evt_bf9a2e4cc8dc29a8,Marcus Smart,NBA,21.49,,,,,,,
$50 NBA Daily 8/17,2020-08-17T14:39:36.679316,estk_bf9a2e4cc8dc29a857693decb131a860,evt_bf9a2e4cc8dc29a8,Lou Williams,NBA,20.78,,,,,,,
$50 NBA Daily 8/17,2020-08-17T14:39:36.679319,estk_bf9a2e4cc8dc29a8201a5680f9441b5c,evt_bf9a2e4cc8dc29a8,Daniel Theis,NBA,19.63,,,,,,,
$50 NBA Daily 8/17,2020-08-17T14:39:36.679323,estk_bf9a2e4cc8dc29a86e82fa5f30bdfa80,evt_bf9a2e4cc8dc29a8,Marcus Morris,NBA,19.14,,,,,,,
$50 NBA Daily 8/17,2020-08-17T14:39:36.679326,estk_bf9a2e4cc8dc29a885e7a39b281a7530,evt_bf9a2e4cc8dc29a8,Ivica Zubac,NBA,17.96,,,,,,,
$50 NBA Daily 8/17,2020-08-17T14:39:36.679330,estk_bf9a2e4cc8dc29a8521208388656c595,evt_bf9a2e4cc8dc29a8,Trey Burke,NBA,17.27,,,,,,,
$50 NBA Daily 8/17,2020-08-17T14:39:36.679333,estk_bf9a2e4cc8dc29a8b402a1af1291a618,evt_bf9a2e4cc8dc29a8,Patrick Beverley,NBA,16.84,,,,,,,
$50 NBA Daily 8/17,2020-08-17T14:39:36.679336,estk_bf9a2e4cc8dc29a8dffaf5f9be93f5bc,evt_bf9a2e4cc8dc29a8,Maxi Kleber,NBA,16.84,,,,,,,
$50 NBA Daily 8/17,2020-08-17T14:39:36.679340,estk_bf9a2e4cc8dc29a8a1e25447b314f889,evt_bf9a2e4cc8dc29a8,Shake Milton,NBA,16.44,,,,,,,
$50 NBA Daily 8/17,2020-08-17T14:39:36.679343,estk_bf9a2e4cc8dc29a8f101f1906b677e1c,evt_bf9a2e4cc8dc29a8,JaMychal Green,NBA,15.14,,,,,,,
$50 NBA Daily 8/17,2020-08-17T14:39:36.679346,estk_bf9a2e4cc8dc29a8bc37c5910679509b,evt_bf9a2e4cc8dc29a8,Seth Curry,NBA,15,,,,,,,
$50 NBA Daily 8/17,2020-08-17T14:39:36.679350,estk_bf9a2e4cc8dc29a8575ca725abf50fd3,evt_bf9a2e4cc8dc29a8,Alec Burks,NBA,14.24,,,,,,,
$50 NBA Daily 8/17,2020-08-17T14:39:36.679354,estk_bf9a2e4cc8dc29a8bea985900c08dd79,evt_bf9a2e4cc8dc29a8,Delon Wright,NBA,13.79,,,,,,,
$50 NBA Daily 8/17,2020-08-17T14:39:36.679357,estk_bf9a2e4cc8dc29a8233a24e71677893c,evt_bf9a2e4cc8dc29a8,Robert Williams,NBA,13.77,,,,,,,
$50 NBA Daily 8/17,2020-08-17T14:39:36.679360,estk_bf9a2e4cc8dc29a892bc30f31e413420,evt_bf9a2e4cc8dc29a8,Matisse Thybulle,NBA,13.14,,,,,,,
$50 NBA Daily 8/17,2020-08-17T14:39:36.679364,estk_bf9a2e4cc8dc29a8e9aea717e9a5e7f3,evt_bf9a2e4cc8dc29a8,Reggie Jackson,NBA,12.53,,,,,,,
$50 NBA Daily 8/17,2020-08-17T14:39:36.679368,estk_bf9a2e4cc8dc29a8f7a31aec0adc59e2,evt_bf9a2e4cc8dc29a8,Landry Shamet,NBA,11.87,,,,,,,
$50 NBA Daily 8/17,2020-08-17T20:59:28.771421,estk_bf9a2e4cc8dc29a87a763361bd2f9a08,evt_bf9a2e4cc8dc29a8,Joel Embiid,NBA,51.78,51.78,0,0,13.9000,9.3500,15.6800,
$50 NBA Daily 8/17,2020-08-17T20:59:28.771449,estk_bf9a2e4cc8dc29a8953b227a97f4290a,evt_bf9a2e4cc8dc29a8,Luka Doncic,NBA,50.84,50.84,0,0,13.4100,9.2300,15.1800,
$50 NBA Daily 8/17,2020-08-17T20:59:28.771454,estk_bf9a2e4cc8dc29a8a488da70359965f9,evt_bf9a2e4cc8dc29a8,Kristaps Porzingis,NBA,42.73,42.73,0,0,10.4100,8.5200,12.1200,
$50 NBA Daily 8/17,2020-08-17T20:59:28.771458,estk_bf9a2e4cc8dc29a8bb115bd4f54ff319,evt_bf9a2e4cc8dc29a8,Kawhi Leonard,NBA,42.29,42.29,0,0,10.4100,8.6200,12.1200,
$50 NBA Daily 8/17,2020-08-17T20:59:28.771463,estk_bf9a2e4cc8dc29a8f59563a6406f63f4,evt_bf9a2e4cc8dc29a8,Paul George,NBA,40.13,40.13,0,0,9.5200,8.2700,11.2100,
$50 NBA Daily 8/17,2020-08-17T20:59:28.771467,estk_bf9a2e4cc8dc29a8da4bddbbc347c31f,evt_bf9a2e4cc8dc29a8,Jayson Tatum,NBA,35.35,35.35,0,0,7.9600,7.4800,9.6200,
$50 NBA Daily 8/17,2020-08-17T20:59:28.771471,estk_bf9a2e4cc8dc29a877c3d3d4d8ad15c5,evt_bf9a2e4cc8dc29a8,Tobias Harris,NBA,31.88,31.88,0,0,6.7800,6.5500,8.4200,
$50 NBA Daily 8/17,2020-08-17T20:59:28.771475,estk_bf9a2e4cc8dc29a84b8c495d9fa8db90,evt_bf9a2e4cc8dc29a8,Jaylen Brown,NBA,29.04,29.04,0,0,6.0900,5.8000,7.7100,
$50 NBA Daily 8/17,2020-08-17T20:59:28.771480,estk_bf9a2e4cc8dc29a8f7c5bbc448149f99,evt_bf9a2e4cc8dc29a8,Gordon Hayward,NBA,28.9,28.9,0,0,5.9500,5.7800,7.5700,
$50 NBA Daily 8/17,2020-08-17T20:59:28.771484,estk_bf9a2e4cc8dc29a8a9edb859d18234d0,evt_bf9a2e4cc8dc29a8,Kemba Walker,NBA,27.97,27.97,0,0,5.7300,5.5100,7.3400,
$50 NBA Daily 8/17,2020-08-17T20:59:28.771488,estk_bf9a2e4cc8dc29a863a58b55849249a4,evt_bf9a2e4cc8dc29a8,Al Horford,NBA,27.79,27.79,0,0,5.7000,5.4700,7.3100,
$50 NBA Daily 8/17,2020-08-17T20:59:28.771492,estk_bf9a2e4cc8dc29a86d025fb040fb2e88,evt_bf9a2e4cc8dc29a8,Dorian Finney-Smith,NBA,24.7,24.7,0,0,5.0000,4.7800,6.6000,
$50 NBA Daily 8/17,2020-08-17T20:59:28.771496,estk_bf9a2e4cc8dc29a8b3147c681557a264,evt_bf9a2e4cc8dc29a8,Josh Richardson,NBA,23.84,23.84,0,0,4.8600,4.5400,6.4600,
$50 NBA Daily 8/17,2020-08-17T20:59:28.771500,estk_bf9a2e4cc8dc29a8af1a06f413850d3c,evt_bf9a2e4cc8dc29a8,Montrezl Harrell,NBA,22.9,22.9,0,0,4.5200,4.3600,6.1100,
$50 NBA Daily 8/17,2020-08-17T20:59:28.771504,estk_bf9a2e4cc8dc29a8049fe8ca7bf97ec4,evt_bf9a2e4cc8dc29a8,Marcus Smart,NBA,21.49,21.49,0,0,4.3100,4.1300,5.9000,
$50 NBA Daily 8/17,2020-08-17T20:59:28.771508,estk_bf9a2e4cc8dc29a88bf6dd5c69dbd6c9,evt_bf9a2e4cc8dc29a8,Tim Hardaway,NBA,21.55,21.55,0,0,4.2900,4.0900,5.8800,
$50 NBA Daily 8/17,2020-08-17T20:59:28.771512,estk_bf9a2e4cc8dc29a857693decb131a860,evt_bf9a2e4cc8dc29a8,Lou Williams,NBA,20.78,20.78,0,0,4.1400,3.9700,5.7200,
$50 NBA Daily 8/17,2020-08-17T20:59:28.771515,estk_bf9a2e4cc8dc29a8201a5680f9441b5c,evt_bf9a2e4cc8dc29a8,Daniel Theis,NBA,19.63,19.63,0,0,3.9800,3.7300,5.5600,
$50 NBA Daily 8/17,2020-08-17T20:59:28.771519,estk_bf9a2e4cc8dc29a86e82fa5f30bdfa80,evt_bf9a2e4cc8dc29a8,Marcus Morris,NBA,19.14,19.14,0,0,3.8100,3.6500,5.3900,
$50 NBA Daily 8/17,2020-08-17T20:59:28.771523,estk_bf9a2e4cc8dc29a885e7a39b281a7530,evt_bf9a2e4cc8dc29a8,Ivica Zubac,NBA,17.96,17.96,0,0,3.6300,3.4200,5.2000,
$50 NBA Daily 8/17,2020-08-17T20:59:28.771526,estk_bf9a2e4cc8dc29a8521208388656c595,evt_bf9a2e4cc8dc29a8,Trey Burke,NBA,17.27,17.27,0,0,3.4800,3.3400,5.0500,
$50 NBA Daily 8/17,2020-08-17T20:59:28.771530,estk_bf9a2e4cc8dc29a8dffaf5f9be93f5bc,evt_bf9a2e4cc8dc29a8,Maxi Kleber,NBA,16.84,16.84,0,0,3.4300,3.2300,5.0000,
$50 NBA Daily 8/17,2020-08-17T20:59:28.771534,estk_bf9a2e4cc8dc29a8b402a1af1291a618,evt_bf9a2e4cc8dc29a8,Patrick Beverley,NBA,16.84,16.84,0,0,3.4000,3.2900,4.9700,
$50 NBA Daily 8/17,2020-08-17T20:59:28.771538,estk_bf9a2e4cc8dc29a8a1e25447b314f889,evt_bf9a2e4cc8dc29a8,Shake Milton,NBA,16.44,16.44,0,0,3.3500,3.1700,4.9200,
$50 NBA Daily 8/17,2020-08-17T20:59:28.771542,estk_bf9a2e4cc8dc29a8bc37c5910679509b,evt_bf9a2e4cc8dc29a8,Seth Curry,NBA,15,15,0,0,3.1700,2.9400,4.7300,
$50 NBA Daily 8/17,2020-08-17T20:59:28.771545,estk_bf9a2e4cc8dc29a8f101f1906b677e1c,evt_bf9a2e4cc8dc29a8,JaMychal Green,NBA,15.14,15.14,0,0,3.1000,2.9800,4.6600,
$50 NBA Daily 8/17,2020-08-17T20:59:28.771549,estk_bf9a2e4cc8dc29a8575ca725abf50fd3,evt_bf9a2e4cc8dc29a8,Alec Burks,NBA,14.24,14.24,0,0,3.0100,2.8000,4.5700,
$50 NBA Daily 8/17,2020-08-17T20:59:28.771554,estk_bf9a2e4cc8dc29a8233a24e71677893c,evt_bf9a2e4cc8dc29a8,Robert Williams,NBA,13.77,13.77,0,0,2.9600,2.8400,4.5200,
$50 NBA Daily 8/17,2020-08-17T20:59:28.771557,estk_bf9a2e4cc8dc29a8bea985900c08dd79,evt_bf9a2e4cc8dc29a8,Delon Wright,NBA,13.79,13.79,0,0,2.9100,2.8300,4.4700,
$50 NBA Daily 8/17,2020-08-17T20:59:28.771561,estk_bf9a2e4cc8dc29a892bc30f31e413420,evt_bf9a2e4cc8dc29a8,Matisse Thybulle,NBA,13.14,13.14,0,0,2.8100,2.7300,4.3700,
$50 NBA Daily 8/17,2020-08-17T20:59:28.771564,estk_bf9a2e4cc8dc29a8e9aea717e9a5e7f3,evt_bf9a2e4cc8dc29a8,Reggie Jackson,NBA,12.53,12.53,0,0,2.8000,2.6400,4.3600,
$50 NBA Daily 8/17,2020-08-17T20:59:28.771568,estk_bf9a2e4cc8dc29a8f7a31aec0adc59e2,evt_bf9a2e4cc8dc29a8,Landry Shamet,NBA,11.87,11.87,0,0,2.6800,2.6300,4.2300,
$50 NBA Daily 8/17,2020-08-17T22:45:00.786896,estk_bf9a2e4cc8dc29a87a763361bd2f9a08,evt_bf9a2e4cc8dc29a8,Joel Embiid,NBA,51.78,52.74,2,0.02,13.9000,9.3500,15.6800,12.1200
$50 NBA Daily 8/17,2020-08-17T22:45:00.786945,estk_bf9a2e4cc8dc29a8da4bddbbc347c31f,evt_bf9a2e4cc8dc29a8,Jayson Tatum,NBA,35.35,34.64,0,0.02,7.9600,7.4800,9.6200,6.3000
$50 NBA Daily 8/17,2020-08-17T22:45:00.786949,estk_bf9a2e4cc8dc29a877c3d3d4d8ad15c5,evt_bf9a2e4cc8dc29a8,Tobias Harris,NBA,31.88,31.24,0,0.02,6.8400,6.5500,8.4200,5.2000
$50 NBA Daily 8/17,2020-08-17T22:45:00.786952,estk_bf9a2e4cc8dc29a8f7c5bbc448149f99,evt_bf9a2e4cc8dc29a8,Gordon Hayward,NBA,28.9,28.32,0,0.02,6.0400,5.7800,7.5700,4.3300
$50 NBA Daily 8/17,2020-08-17T22:45:00.786957,estk_bf9a2e4cc8dc29a84b8c495d9fa8db90,evt_bf9a2e4cc8dc29a8,Jaylen Brown,NBA,29.04,28.46,0,0.02,5.9500,5.8000,7.7100,4.3300
$50 NBA Daily 8/17,2020-08-17T22:45:00.786961,estk_bf9a2e4cc8dc29a8a9edb859d18234d0,evt_bf9a2e4cc8dc29a8,Kemba Walker,NBA,27.97,26.91,-0.5,0.02,5.7600,5.5100,7.3400,4.1400
$50 NBA Daily 8/17,2020-08-17T22:45:00.786965,estk_bf9a2e4cc8dc29a863a58b55849249a4,evt_bf9a2e4cc8dc29a8,Al Horford,NBA,27.79,26.73,-0.5,0.02,5.6400,5.4700,7.3100,1.2000
$50 NBA Daily 8/17,2020-08-17T22:45:00.786973,estk_bf9a2e4cc8dc29a8b3147c681557a264,evt_bf9a2e4cc8dc29a8,Josh Richardson,NBA,23.84,23.36,0,0.02,4.8000,4.5400,6.4600,4.0300
$50 NBA Daily 8/17,2020-08-17T22:45:00.786984,estk_bf9a2e4cc8dc29a8049fe8ca7bf97ec4,evt_bf9a2e4cc8dc29a8,Marcus Smart,NBA,21.49,21.06,0,0.02,4.2400,4.1300,5.9000,4.0300
$50 NBA Daily 8/17,2020-08-17T22:45:00.786991,estk_bf9a2e4cc8dc29a8201a5680f9441b5c,evt_bf9a2e4cc8dc29a8,Daniel Theis,NBA,19.63,18.74,-0.5,0.02,3.8800,3.7300,5.5600,4.0300
$50 NBA Daily 8/17,2020-08-17T22:45:00.787013,estk_bf9a2e4cc8dc29a8a1e25447b314f889,evt_bf9a2e4cc8dc29a8,Shake Milton,NBA,16.44,16.11,0,0.02,3.3900,3.1700,4.9200,4.0300
$50 NBA Daily 8/17,2020-08-17T22:45:00.787023,estk_bf9a2e4cc8dc29a8575ca725abf50fd3,evt_bf9a2e4cc8dc29a8,Alec Burks,NBA,14.24,13.96,0,0.02,3.0600,2.8000,4.5700,4.0300
$50 NBA Daily 8/17,2020-08-17T22:45:00.787027,estk_bf9a2e4cc8dc29a8233a24e71677893c,evt_bf9a2e4cc8dc29a8,Robert Williams,NBA,13.77,13.49,0,0.02,2.9200,2.8400,4.5200,4.0200
$50 NBA Daily 8/17,2020-08-17T22:45:00.787034,estk_bf9a2e4cc8dc29a892bc30f31e413420,evt_bf9a2e4cc8dc29a8,Matisse Thybulle,NBA,13.14,12.88,0,0.02,2.8500,2.7300,4.3700,3.8700
$50 NBA Daily 8/17,2020-08-17T22:45:31.233045,estk_bf9a2e4cc8dc29a87a763361bd2f9a08,evt_bf9a2e4cc8dc29a8,Joel Embiid,NBA,51.78,53.71,4,0.04,13.9000,9.3500,15.6800,12.1200
$50 NBA Daily 8/17,2020-08-17T22:45:31.233092,estk_bf9a2e4cc8dc29a8da4bddbbc347c31f,evt_bf9a2e4cc8dc29a8,Jayson Tatum,NBA,35.35,35.94,2,0.04,7.9600,7.4800,9.6200,6.3000
$50 NBA Daily 8/17,2020-08-17T22:45:31.233096,estk_bf9a2e4cc8dc29a877c3d3d4d8ad15c5,evt_bf9a2e4cc8dc29a8,Tobias Harris,NBA,31.88,33.85,3.25,0.04,6.8400,6.5500,8.4200,5.2000
$50 NBA Daily 8/17,2020-08-17T22:45:31.233100,estk_bf9a2e4cc8dc29a8f7c5bbc448149f99,evt_bf9a2e4cc8dc29a8,Gordon Hayward,NBA,28.9,27.74,0,0.04,6.0400,5.7800,7.5700,4.4200
$50 NBA Daily 8/17,2020-08-17T22:45:31.233104,estk_bf9a2e4cc8dc29a84b8c495d9fa8db90,evt_bf9a2e4cc8dc29a8,Jaylen Brown,NBA,29.04,31.38,3.5,0.04,5.9500,5.8000,7.7100,4.3300
$50 NBA Daily 8/17,2020-08-17T22:45:31.233109,estk_bf9a2e4cc8dc29a8a9edb859d18234d0,evt_bf9a2e4cc8dc29a8,Kemba Walker,NBA,27.97,27.85,1,0.04,5.7600,5.5100,7.3400,4.1400
$50 NBA Daily 8/17,2020-08-17T22:45:31.233113,estk_bf9a2e4cc8dc29a863a58b55849249a4,evt_bf9a2e4cc8dc29a8,Al Horford,NBA,27.79,27.68,1,0.04,5.6400,5.4700,7.3100,1.2000
$50 NBA Daily 8/17,2020-08-17T22:45:31.233120,estk_bf9a2e4cc8dc29a8b3147c681557a264,evt_bf9a2e4cc8dc29a8,Josh Richardson,NBA,23.84,22.89,0,0.04,4.8000,4.5400,6.4600,3.2000
$50 NBA Daily 8/17,2020-08-17T22:45:31.233132,estk_bf9a2e4cc8dc29a8049fe8ca7bf97ec4,evt_bf9a2e4cc8dc29a8,Marcus Smart,NBA,21.49,20.63,0,0.04,4.2400,4.1300,5.9000,2.6600
$50 NBA Daily 8/17,2020-08-17T22:45:31.233139,estk_bf9a2e4cc8dc29a8201a5680f9441b5c,evt_bf9a2e4cc8dc29a8,Daniel Theis,NBA,19.63,19.84,1,0.04,3.8800,3.7300,5.5600,2.3000
$50 NBA Daily 8/17,2020-08-17T22:45:31.233161,estk_bf9a2e4cc8dc29a8a1e25447b314f889,evt_bf9a2e4cc8dc29a8,Shake Milton,NBA,16.44,15.78,0,0.04,3.3900,3.1700,4.9200,1.8200
$50 NBA Daily 8/17,2020-08-17T22:45:31.233172,estk_bf9a2e4cc8dc29a8575ca725abf50fd3,evt_bf9a2e4cc8dc29a8,Alec Burks,NBA,14.24,13.67,0,0.04,3.0600,2.8000,4.5700,1.5700
$50 NBA Daily 8/17,2020-08-17T22:45:31.233175,estk_bf9a2e4cc8dc29a8233a24e71677893c,evt_bf9a2e4cc8dc29a8,Robert Williams,NBA,13.77,13.22,0,0.04,2.9200,2.8400,4.5200,1.5700
$50 NBA Daily 8/17,2020-08-17T22:45:31.233182,estk_bf9a2e4cc8dc29a892bc30f31e413420,evt_bf9a2e4cc8dc29a8,Matisse Thybulle,NBA,13.14,12.61,0,0.04,2.8500,2.7300,4.3700,1.2900
$50 NBA Daily 8/17,2020-08-17T22:47:02.267032,estk_bf9a2e4cc8dc29a87a763361bd2f9a08,evt_bf9a2e4cc8dc29a8,Joel Embiid,NBA,51.78,53.19,4,0.05,14.6200,9.3500,16.4100,12.8300
$50 NBA Daily 8/17,2020-08-17T22:47:02.267079,estk_bf9a2e4cc8dc29a8da4bddbbc347c31f,evt_bf9a2e4cc8dc29a8,Jayson Tatum,NBA,35.35,36.83,3.25,0.05,8.3200,7.4800,9.6200,6.3000
$50 NBA Daily 8/17,2020-08-17T22:47:02.267086,estk_bf9a2e4cc8dc29a877c3d3d4d8ad15c5,evt_bf9a2e4cc8dc29a8,Tobias Harris,NBA,31.88,33.54,3.25,0.05,7.2700,6.5500,9.0200,5.7200
$50 NBA Daily 8/17,2020-08-17T22:47:02.267091,estk_bf9a2e4cc8dc29a84b8c495d9fa8db90,evt_bf9a2e4cc8dc29a8,Jaylen Brown,NBA,29.04,33.09,5.5,0.05,6.5900,5.8000,8.2200,4.9600
$50 NBA Daily 8/17,2020-08-17T22:47:02.267095,estk_bf9a2e4cc8dc29a8a9edb859d18234d0,evt_bf9a2e4cc8dc29a8,Kemba Walker,NBA,27.97,29.57,3,0.05,6.1700,5.5100,7.3400,4.1400
$50 NBA Daily 8/17,2020-08-17T22:47:02.267099,estk_bf9a2e4cc8dc29a863a58b55849249a4,evt_bf9a2e4cc8dc29a8,Al Horford,NBA,27.79,27.4,1,0.05,5.5700,5.4700,7.3100,1.2000
$50 NBA Daily 8/17,2020-08-17T22:47:02.267103,estk_bf9a2e4cc8dc29a8f7c5bbc448149f99,evt_bf9a2e4cc8dc29a8,Gordon Hayward,NBA,28.9,26.95,-0.5,0.05,5.3500,5.7800,7.5700,4.4200
$50 NBA Daily 8/17,2020-08-17T22:47:02.267115,estk_bf9a2e4cc8dc29a8b3147c681557a264,evt_bf9a2e4cc8dc29a8,Josh Richardson,NBA,23.84,22.65,0,0.05,4.4300,4.5400,6.4600,3.2000
$50 NBA Daily 8/17,2020-08-17T22:47:02.267125,estk_bf9a2e4cc8dc29a8049fe8ca7bf97ec4,evt_bf9a2e4cc8dc29a8,Marcus Smart,NBA,21.49,20.42,0,0.05,3.8800,4.1300,5.9000,2.6600
$50 NBA Daily 8/17,2020-08-17T22:47:02.267129,estk_bf9a2e4cc8dc29a8201a5680f9441b5c,evt_bf9a2e4cc8dc29a8,Daniel Theis,NBA,19.63,19.65,1,0.05,3.7700,3.7300,5.5600,2.3000
$50 NBA Daily 8/17,2020-08-17T22:47:02.267158,estk_bf9a2e4cc8dc29a8a1e25447b314f889,evt_bf9a2e4cc8dc29a8,Shake Milton,NBA,16.44,15.12,-0.5,0.05,3.0600,3.1700,4.9200,1.8200
$50 NBA Daily 8/17,2020-08-17T22:47:02.267165,estk_bf9a2e4cc8dc29a8575ca725abf50fd3,evt_bf9a2e4cc8dc29a8,Alec Burks,NBA,14.24,13.53,0,0.05,2.8400,2.8000,4.5700,1.5700
$50 NBA Daily 8/17,2020-08-17T22:47:02.267169,estk_bf9a2e4cc8dc29a8233a24e71677893c,evt_bf9a2e4cc8dc29a8,Robert Williams,NBA,13.77,13.08,0,0.05,2.7600,2.8400,4.5200,1.5700
$50 NBA Daily 8/17,2020-08-17T22:47:02.267180,estk_bf9a2e4cc8dc29a892bc30f31e413420,evt_bf9a2e4cc8dc29a8,Matisse Thybulle,NBA,13.14,12.48,0,0.05,2.7000,2.7300,4.3700,1.2900
$50 NBA Daily 8/17,2020-08-17T22:48:02.886867,estk_bf9a2e4cc8dc29a87a763361bd2f9a08,evt_bf9a2e4cc8dc29a8,Joel Embiid,NBA,51.78,52.67,4,0.06,14.2400,9.3500,16.4100,12.8300
$50 NBA Daily 8/17,2020-08-17T22:48:02.886914,estk_bf9a2e4cc8dc29a8da4bddbbc347c31f,evt_bf9a2e4cc8dc29a8,Jayson Tatum,NBA,35.35,37.73,4.5,0.06,8.6000,7.4800,9.6200,6.6500
$50 NBA Daily 8/17,2020-08-17T22:48:02.886918,estk_bf9a2e4cc8dc29a877c3d3d4d8ad15c5,evt_bf9a2e4cc8dc29a8,Tobias Harris,NBA,31.88,33.22,3.25,0.06,7.1800,6.5500,8.9200,5.7200
$50 NBA Daily 8/17,2020-08-17T22:48:02.886921,estk_bf9a2e4cc8dc29a84b8c495d9fa8db90,evt_bf9a2e4cc8dc29a8,Jaylen Brown,NBA,29.04,32.3,5,0.06,6.8500,5.8000,8.2200,4.9600
$50 NBA Daily 8/17,2020-08-17T22:48:02.886926,estk_bf9a2e4cc8dc29a8a9edb859d18234d0,evt_bf9a2e4cc8dc29a8,Kemba Walker,NBA,27.97,29.29,3,0.06,6.0800,5.5100,7.3400,4.5500
$50 NBA Daily 8/17,2020-08-17T22:48:02.886930,estk_bf9a2e4cc8dc29a863a58b55849249a4,evt_bf9a2e4cc8dc29a8,Al Horford,NBA,27.79,27.12,1,0.06,5.4100,5.4700,7.3100,1.2000
$50 NBA Daily 8/17,2020-08-17T22:48:02.886935,estk_bf9a2e4cc8dc29a8f7c5bbc448149f99,evt_bf9a2e4cc8dc29a8,Gordon Hayward,NBA,28.9,26.67,-0.5,0.06,5.3400,5.7800,6.9600,4.4200
$50 NBA Daily 8/17,2020-08-17T22:48:02.886947,estk_bf9a2e4cc8dc29a8b3147c681557a264,evt_bf9a2e4cc8dc29a8,Josh Richardson,NBA,23.84,23.16,0.75,0.06,4.5100,4.5400,6.4600,3.2000
$50 NBA Daily 8/17,2020-08-17T22:48:02.886957,estk_bf9a2e4cc8dc29a8049fe8ca7bf97ec4,evt_bf9a2e4cc8dc29a8,Marcus Smart,NBA,21.49,20.2,0,0.06,3.9300,4.1300,5.9000,2.6600
$50 NBA Daily 8/17,2020-08-17T22:48:02.886965,estk_bf9a2e4cc8dc29a8201a5680f9441b5c,evt_bf9a2e4cc8dc29a8,Daniel Theis,NBA,19.63,19.45,1,0.06,3.7400,3.7300,5.5600,2.3000
$50 NBA Daily 8/17,2020-08-17T22:48:02.886990,estk_bf9a2e4cc8dc29a8a1e25447b314f889,evt_bf9a2e4cc8dc29a8,Shake Milton,NBA,16.44,14.95,-0.5,0.06,2.9900,3.1700,4.9200,1.8200
$50 NBA Daily 8/17,2020-08-17T22:48:02.887001,estk_bf9a2e4cc8dc29a8233a24e71677893c,evt_bf9a2e4cc8dc29a8,Robert Williams,NBA,13.77,12.94,0,0.06,2.7300,2.8400,4.5200,1.5700
$50 NBA Daily 8/17,2020-08-17T22:48:02.887004,estk_bf9a2e4cc8dc29a8575ca725abf50fd3,evt_bf9a2e4cc8dc29a8,Alec Burks,NBA,14.24,13.39,0,0.06,2.7000,2.8000,4.5700,1.5700
$50 NBA Daily 8/17,2020-08-17T22:48:02.887016,estk_bf9a2e4cc8dc29a892bc30f31e413420,evt_bf9a2e4cc8dc29a8,Matisse Thybulle,NBA,13.14,12.35,0,0.06,2.6500,2.7300,4.3700,1.2900
$50 NBA Daily 8/17,2020-08-17T22:50:04.192348,estk_bf9a2e4cc8dc29a87a763361bd2f9a08,evt_bf9a2e4cc8dc29a8,Joel Embiid,NBA,51.78,52.1,5.5,0.1,14.2600,9.3500,16.4100,12.8300
$50 NBA Daily 8/17,2020-08-17T22:50:04.192393,estk_bf9a2e4cc8dc29a8da4bddbbc347c31f,evt_bf9a2e4cc8dc29a8,Jayson Tatum,NBA,35.35,35.81,4,0.1,8.6500,7.4800,10.2700,6.9300
$50 NBA Daily 8/17,2020-08-17T22:50:04.192397,estk_bf9a2e4cc8dc29a877c3d3d4d8ad15c5,evt_bf9a2e4cc8dc29a8,Tobias Harris,NBA,31.88,31.94,3.25,0.1,7.1400,6.5500,8.9200,5.7200
$50 NBA Daily 8/17,2020-08-17T22:50:04.192400,estk_bf9a2e4cc8dc29a84b8c495d9fa8db90,evt_bf9a2e4cc8dc29a8,Jaylen Brown,NBA,29.04,37.89,11.75,0.1,6.8900,5.8000,8.2200,5.2500
$50 NBA Daily 8/17,2020-08-17T22:50:04.192405,estk_bf9a2e4cc8dc29a8a9edb859d18234d0,evt_bf9a2e4cc8dc29a8,Kemba Walker,NBA,27.97,29.67,4.5,0.1,6.0900,5.5100,7.3400,4.5500
$50 NBA Daily 8/17,2020-08-17T22:50:04.192409,estk_bf9a2e4cc8dc29a863a58b55849249a4,evt_bf9a2e4cc8dc29a8,Al Horford,NBA,27.79,26.01,1,0.1,5.4600,5.4700,7.3100,1.2000
$50 NBA Daily 8/17,2020-08-17T22:50:04.192413,estk_bf9a2e4cc8dc29a8f7c5bbc448149f99,evt_bf9a2e4cc8dc29a8,Gordon Hayward,NBA,28.9,27.01,1,0.1,5.3400,5.7800,6.9600,4.4200
$50 NBA Daily 8/17,2020-08-17T22:50:04.192425,estk_bf9a2e4cc8dc29a8b3147c681557a264,evt_bf9a2e4cc8dc29a8,Josh Richardson,NBA,23.84,24.21,2.75,0.1,4.4800,4.5400,6.4600,3.2000
$50 NBA Daily 8/17,2020-08-17T22:50:04.192436,estk_bf9a2e4cc8dc29a8049fe8ca7bf97ec4,evt_bf9a2e4cc8dc29a8,Marcus Smart,NBA,21.49,19.34,0,0.1,3.9000,4.1300,5.9000,2.6600
$50 NBA Daily 8/17,2020-08-17T22:50:04.192440,estk_bf9a2e4cc8dc29a8201a5680f9441b5c,evt_bf9a2e4cc8dc29a8,Daniel Theis,NBA,19.63,22.67,5,0.1,3.7900,3.7300,5.5600,2.3000
$50 NBA Daily 8/17,2020-08-17T22:50:04.192468,estk_bf9a2e4cc8dc29a8a1e25447b314f889,evt_bf9a2e4cc8dc29a8,Shake Milton,NBA,16.44,17.3,2.5,0.1,3.0300,3.1700,4.9200,1.8200
$50 NBA Daily 8/17,2020-08-17T22:50:04.192478,estk_bf9a2e4cc8dc29a8575ca725abf50fd3,evt_bf9a2e4cc8dc29a8,Alec Burks,NBA,14.24,12.82,0,0.1,2.7400,2.8000,4.5700,1.5700
$50 NBA Daily 8/17,2020-08-17T22:50:04.192482,estk_bf9a2e4cc8dc29a8233a24e71677893c,evt_bf9a2e4cc8dc29a8,Robert Williams,NBA,13.77,12.39,0,0.1,2.7200,2.8400,4.5200,1.5700
$50 NBA Daily 8/17,2020-08-17T22:50:04.192490,estk_bf9a2e4cc8dc29a892bc30f31e413420,evt_bf9a2e4cc8dc29a8,Matisse Thybulle,NBA,13.14,11.83,0,0.1,2.6300,2.7300,4.3700,1.2900
$50 NBA Daily 8/17,2020-08-17T22:50:34.501070,estk_bf9a2e4cc8dc29a87a763361bd2f9a08,evt_bf9a2e4cc8dc29a8,Joel Embiid,NBA,51.78,53.07,7.5,0.12,14.2600,9.3500,16.4100,12.8300
$50 NBA Daily 8/17,2020-08-17T22:50:34.501117,estk_bf9a2e4cc8dc29a8da4bddbbc347c31f,evt_bf9a2e4cc8dc29a8,Jayson Tatum,NBA,35.35,35.11,4,0.12,8.6500,7.4800,10.2700,6.9300
$50 NBA Daily 8/17,2020-08-17T22:50:34.501120,estk_bf9a2e4cc8dc29a877c3d3d4d8ad15c5,evt_bf9a2e4cc8dc29a8,Tobias Harris,NBA,31.88,34.8,6.75,0.12,7.1400,6.5500,8.9200,5.7200
$50 NBA Daily 8/17,2020-08-17T22:50:34.501124,estk_bf9a2e4cc8dc29a84b8c495d9fa8db90,evt_bf9a2e4cc8dc29a8,Jaylen Brown,NBA,29.04,37.31,11.75,0.12,6.8900,5.8000,8.2200,5.2500
$50 NBA Daily 8/17,2020-08-17T22:50:34.501128,estk_bf9a2e4cc8dc29a8a9edb859d18234d0,evt_bf9a2e4cc8dc29a8,Kemba Walker,NBA,27.97,28.61,4,0.12,6.0900,5.5100,7.3400,4.5500
$50 NBA Daily 8/17,2020-08-17T22:50:34.501132,estk_bf9a2e4cc8dc29a863a58b55849249a4,evt_bf9a2e4cc8dc29a8,Al Horford,NBA,27.79,25.46,1,0.12,5.4600,5.4700,7.3100,1.2000
$50 NBA Daily 8/17,2020-08-17T22:50:34.501136,estk_bf9a2e4cc8dc29a8f7c5bbc448149f99,evt_bf9a2e4cc8dc29a8,Gordon Hayward,NBA,28.9,26.43,1,0.12,5.3400,5.7800,6.9600,4.4200
$50 NBA Daily 8/17,2020-08-17T22:50:34.501148,estk_bf9a2e4cc8dc29a8b3147c681557a264,evt_bf9a2e4cc8dc29a8,Josh Richardson,NBA,23.84,24.98,4,0.12,4.4800,4.5400,6.4600,3.2000
$50 NBA Daily 8/17,2020-08-17T22:50:34.501158,estk_bf9a2e4cc8dc29a8049fe8ca7bf97ec4,evt_bf9a2e4cc8dc29a8,Marcus Smart,NBA,21.49,18.91,0,0.12,3.9000,4.1300,5.9000,2.6600
$50 NBA Daily 8/17,2020-08-17T22:50:34.501162,estk_bf9a2e4cc8dc29a8201a5680f9441b5c,evt_bf9a2e4cc8dc29a8,Daniel Theis,NBA,19.63,22.27,5,0.12,3.7900,3.7300,5.5600,2.3000
$50 NBA Daily 8/17,2020-08-17T22:50:34.501190,estk_bf9a2e4cc8dc29a8a1e25447b314f889,evt_bf9a2e4cc8dc29a8,Shake Milton,NBA,16.44,16.97,2.5,0.12,3.0300,3.1700,4.9200,1.8200
$50 NBA Daily 8/17,2020-08-17T22:50:34.501201,estk_bf9a2e4cc8dc29a8575ca725abf50fd3,evt_bf9a2e4cc8dc29a8,Alec Burks,NBA,14.24,12.53,0,0.12,2.7400,2.8000,4.5700,1.5700
$50 NBA Daily 8/17,2020-08-17T22:50:34.501205,estk_bf9a2e4cc8dc29a8233a24e71677893c,evt_bf9a2e4cc8dc29a8,Robert Williams,NBA,13.77,12.12,0,0.12,2.7200,2.8400,4.5200,1.5700
$50 NBA Daily 8/17,2020-08-17T22:50:34.501212,estk_bf9a2e4cc8dc29a892bc30f31e413420,evt_bf9a2e4cc8dc29a8,Matisse Thybulle,NBA,13.14,11.56,0,0.12,2.6300,2.7300,4.3700,1.2900
$50 NBA Daily 8/17,2020-08-17T22:56:08.207231,estk_bf9a2e4cc8dc29a87a763361bd2f9a08,evt_bf9a2e4cc8dc29a8,Joel Embiid,NBA,51.78,52.8,7.75,0.13,14.4600,9.3500,16.4100,12.8300
$50 NBA Daily 8/17,2020-08-17T22:56:08.207278,estk_bf9a2e4cc8dc29a84b8c495d9fa8db90,evt_bf9a2e4cc8dc29a8,Jaylen Brown,NBA,29.04,37.01,11.75,0.13,8.3200,5.8000,10.0600,6.7200
$50 NBA Daily 8/17,2020-08-17T22:56:08.207282,estk_bf9a2e4cc8dc29a877c3d3d4d8ad15c5,evt_bf9a2e4cc8dc29a8,Tobias Harris,NBA,31.88,34.49,6.75,0.13,7.4600,6.5500,8.9200,5.8600
$50 NBA Daily 8/17,2020-08-17T22:56:08.207286,estk_bf9a2e4cc8dc29a8da4bddbbc347c31f,evt_bf9a2e4cc8dc29a8,Jayson Tatum,NBA,35.35,34.25,3.5,0.13,7.3800,7.4800,9.2400,6.6500
$50 NBA Daily 8/17,2020-08-17T22:56:08.207290,estk_bf9a2e4cc8dc29a8f7c5bbc448149f99,evt_bf9a2e4cc8dc29a8,Gordon Hayward,NBA,28.9,28.14,3,0.13,5.5900,5.7800,6.9600,4.0400
$50 NBA Daily 8/17,2020-08-17T22:56:08.207295,estk_bf9a2e4cc8dc29a8a9edb859d18234d0,evt_bf9a2e4cc8dc29a8,Kemba Walker,NBA,27.97,28.33,4,0.13,5.5900,5.5100,7.3400,4.5500
$50 NBA Daily 8/17,2020-08-17T22:56:08.207302,estk_bf9a2e4cc8dc29a8b3147c681557a264,evt_bf9a2e4cc8dc29a8,Josh Richardson,NBA,23.84,25.99,5.25,0.13,5.0200,4.5400,6.4600,3.2000
$50 NBA Daily 8/17,2020-08-17T22:56:08.207306,estk_bf9a2e4cc8dc29a863a58b55849249a4,evt_bf9a2e4cc8dc29a8,Al Horford,NBA,27.79,25.18,1,0.13,4.8000,5.4700,6.4900,4.0300
$50 NBA Daily 8/17,2020-08-17T22:56:08.207321,estk_bf9a2e4cc8dc29a8201a5680f9441b5c,evt_bf9a2e4cc8dc29a8,Daniel Theis,NBA,19.63,21.58,4.5,0.13,4.0400,3.7300,5.5600,2.6300
$50 NBA Daily 8/17,2020-08-17T22:56:08.207336,estk_bf9a2e4cc8dc29a8049fe8ca7bf97ec4,evt_bf9a2e4cc8dc29a8,Marcus Smart,NBA,21.49,18.7,0,0.13,3.4600,4.1300,5.0500,2.6600
$50 NBA Daily 8/17,2020-08-17T22:56:08.207350,estk_bf9a2e4cc8dc29a8a1e25447b314f889,evt_bf9a2e4cc8dc29a8,Shake Milton,NBA,16.44,16.8,2.5,0.13,3.1200,3.1700,4.9200,1.8200
$50 NBA Daily 8/17,2020-08-17T22:56:08.207368,estk_bf9a2e4cc8dc29a892bc30f31e413420,evt_bf9a2e4cc8dc29a8,Matisse Thybulle,NBA,13.14,13.43,2,0.13,2.6500,2.7300,4.3700,1.2900
$50 NBA Daily 8/17,2020-08-17T22:56:08.207372,estk_bf9a2e4cc8dc29a8575ca725abf50fd3,evt_bf9a2e4cc8dc29a8,Alec Burks,NBA,14.24,12.39,0,0.13,2.5100,2.8000,4.0600,1.5700
$50 NBA Daily 8/17,2020-08-17T22:56:08.207375,estk_bf9a2e4cc8dc29a8233a24e71677893c,evt_bf9a2e4cc8dc29a8,Robert Williams,NBA,13.77,11.98,0,0.13,2.4600,2.8400,4.0100,1.5700
$50 NBA Daily 8/17,2020-08-17T22:57:08.925074,estk_bf9a2e4cc8dc29a87a763361bd2f9a08,evt_bf9a2e4cc8dc29a8,Joel Embiid,NBA,51.78,55.26,11.25,0.15,15.4800,9.3500,16.4100,13.6700
$50 NBA Daily 8/17,2020-08-17T22:57:08.925125,estk_bf9a2e4cc8dc29a84b8c495d9fa8db90,evt_bf9a2e4cc8dc29a8,Jaylen Brown,NBA,29.04,36.43,11.75,0.15,8.0700,5.8000,10.0600,6.7200
$50 NBA Daily 8/17,2020-08-17T22:57:08.925130,estk_bf9a2e4cc8dc29a877c3d3d4d8ad15c5,evt_bf9a2e4cc8dc29a8,Tobias Harris,NBA,31.88,33.85,6.75,0.15,7.2600,6.5500,8.9200,5.8600
$50 NBA Daily 8/17,2020-08-17T22:57:08.925135,estk_bf9a2e4cc8dc29a8da4bddbbc347c31f,evt_bf9a2e4cc8dc29a8,Jayson Tatum,NBA,35.35,33.55,3.5,0.15,7.1100,7.4800,9.2400,6.3000
$50 NBA Daily 8/17,2020-08-17T22:57:08.925139,estk_bf9a2e4cc8dc29a8a9edb859d18234d0,evt_bf9a2e4cc8dc29a8,Kemba Walker,NBA,27.97,29.27,5.5,0.15,5.9300,5.5100,7.3400,4.5500
$50 NBA Daily 8/17,2020-08-17T22:57:08.925144,estk_bf9a2e4cc8dc29a8f7c5bbc448149f99,evt_bf9a2e4cc8dc29a8,Gordon Hayward,NBA,28.9,29.56,5,0.15,5.8800,5.7800,6.9600,4.0400
$50 NBA Daily 8/17,2020-08-17T22:57:08.925148,estk_bf9a2e4cc8dc29a8b3147c681557a264,evt_bf9a2e4cc8dc29a8,Josh Richardson,NBA,23.84,27.01,6.75,0.15,5.2300,4.5400,6.4600,3.6300
$50 NBA Daily 8/17,2020-08-17T22:57:08.925156,estk_bf9a2e4cc8dc29a863a58b55849249a4,evt_bf9a2e4cc8dc29a8,Al Horford,NBA,27.79,24.62,1,0.15,4.6300,5.4700,6.4900,3.8000
$50 NBA Daily 8/17,2020-08-17T22:57:08.925171,estk_bf9a2e4cc8dc29a8201a5680f9441b5c,evt_bf9a2e4cc8dc29a8,Daniel Theis,NBA,19.63,21.19,4.5,0.15,3.9000,3.7300,5.5600,2.6300
$50 NBA Daily 8/17,2020-08-17T22:57:08.925192,estk_bf9a2e4cc8dc29a8049fe8ca7bf97ec4,evt_bf9a2e4cc8dc29a8,Marcus Smart,NBA,21.49,18.27,0,0.15,3.3100,4.1300,5.0500,2.4800
$50 NBA Daily 8/17,2020-08-17T22:57:08.925203,estk_bf9a2e4cc8dc29a8a1e25447b314f889,evt_bf9a2e4cc8dc29a8,Shake Milton,NBA,16.44,16.47,2.5,0.15,3.0100,3.1700,4.9200,1.8200
$50 NBA Daily 8/17,2020-08-17T22:57:08.925217,estk_bf9a2e4cc8dc29a892bc30f31e413420,evt_bf9a2e4cc8dc29a8,Matisse Thybulle,NBA,13.14,13.17,2,0.15,2.5300,2.7300,4.3700,1.2900
$50 NBA Daily 8/17,2020-08-17T22:57:08.925221,estk_bf9a2e4cc8dc29a8575ca725abf50fd3,evt_bf9a2e4cc8dc29a8,Alec Burks,NBA,14.24,12.1,0,0.15,2.4100,2.8000,4.0600,1.5700
$50 NBA Daily 8/17,2020-08-17T22:57:08.925225,estk_bf9a2e4cc8dc29a8233a24e71677893c,evt_bf9a2e4cc8dc29a8,Robert Williams,NBA,13.77,11.7,0,0.15,2.3600,2.8400,4.0100,1.5700
$50 NBA Daily 8/17,2020-08-17T22:58:09.619514,estk_bf9a2e4cc8dc29a87a763361bd2f9a08,evt_bf9a2e4cc8dc29a8,Joel Embiid,NBA,51.78,56,12.5,0.16,15.7300,9.3500,17.2900,13.6700
$50 NBA Daily 8/17,2020-08-17T22:58:09.619559,estk_bf9a2e4cc8dc29a84b8c495d9fa8db90,evt_bf9a2e4cc8dc29a8,Jaylen Brown,NBA,29.04,36.14,11.75,0.16,7.9200,5.8000,10.0600,6.7200
$50 NBA Daily 8/17,2020-08-17T22:58:09.619564,estk_bf9a2e4cc8dc29a8da4bddbbc347c31f,evt_bf9a2e4cc8dc29a8,Jayson Tatum,NBA,35.35,33.19,3.5,0.16,7.0100,7.4800,8.7500,6.0100
$50 NBA Daily 8/17,2020-08-17T22:58:09.619568,estk_bf9a2e4cc8dc29a877c3d3d4d8ad15c5,evt_bf9a2e4cc8dc29a8,Tobias Harris,NBA,31.88,33.03,6.25,0.16,6.8600,6.5500,8.9200,5.8600
$50 NBA Daily 8/17,2020-08-17T22:58:09.619572,estk_bf9a2e4cc8dc29a8f7c5bbc448149f99,evt_bf9a2e4cc8dc29a8,Gordon Hayward,NBA,28.9,32.78,8.5,0.16,6.8500,5.7800,7.5000,4.0400
$50 NBA Daily 8/17,2020-08-17T22:58:09.619576,estk_bf9a2e4cc8dc29a8a9edb859d18234d0,evt_bf9a2e4cc8dc29a8,Kemba Walker,NBA,27.97,28.49,5,0.16,5.5200,5.5100,7.3400,4.5500
$50 NBA Daily 8/17,2020-08-17T22:58:09.619581,estk_bf9a2e4cc8dc29a8b3147c681557a264,evt_bf9a2e4cc8dc29a8,Josh Richardson,NBA,23.84,26.78,6.75,0.16,5.0900,4.5400,6.4600,3.6300
$50 NBA Daily 8/17,2020-08-17T22:58:09.619592,estk_bf9a2e4cc8dc29a8201a5680f9441b5c,evt_bf9a2e4cc8dc29a8,Daniel Theis,NBA,19.63,24.49,8,0.16,4.5200,3.7300,5.5600,2.6300
$50 NBA Daily 8/17,2020-08-17T22:58:09.619596,estk_bf9a2e4cc8dc29a863a58b55849249a4,evt_bf9a2e4cc8dc29a8,Al Horford,NBA,27.79,24.34,1,0.16,4.5000,5.4700,6.4900,3.3900
$50 NBA Daily 8/17,2020-08-17T22:58:09.619625,estk_bf9a2e4cc8dc29a8049fe8ca7bf97ec4,evt_bf9a2e4cc8dc29a8,Marcus Smart,NBA,21.49,18.05,0,0.16,3.2300,4.1300,5.0500,2.4800
$50 NBA Daily 8/17,2020-08-17T22:58:09.619636,estk_bf9a2e4cc8dc29a8a1e25447b314f889,evt_bf9a2e4cc8dc29a8,Shake Milton,NBA,16.44,16.31,2.5,0.16,2.9900,3.1700,4.9200,1.8200
$50 NBA Daily 8/17,2020-08-17T22:58:09.619651,estk_bf9a2e4cc8dc29a892bc30f31e413420,evt_bf9a2e4cc8dc29a8,Matisse Thybulle,NBA,13.14,13.04,2,0.16,2.5500,2.7300,4.3700,1.2900
$50 NBA Daily 8/17,2020-08-17T22:58:09.619654,estk_bf9a2e4cc8dc29a8575ca725abf50fd3,evt_bf9a2e4cc8dc29a8,Alec Burks,NBA,14.24,11.96,0,0.16,2.3500,2.8000,4.0600,1.5700
$50 NBA Daily 8/17,2020-08-17T22:58:09.619658,estk_bf9a2e4cc8dc29a8233a24e71677893c,evt_bf9a2e4cc8dc29a8,Robert Williams,NBA,13.77,11.57,0,0.16,2.3100,2.8400,4.0100,1.3600
$50 NBA Daily 8/17,2020-08-17T23:02:42.755650,estk_bf9a2e4cc8dc29a87a763361bd2f9a08,evt_bf9a2e4cc8dc29a8,Joel Embiid,NBA,51.78,56.42,15,0.2,15.7000,9.3500,17.2900,13.9200
$50 NBA Daily 8/17,2020-08-17T23:02:42.755697,estk_bf9a2e4cc8dc29a84b8c495d9fa8db90,evt_bf9a2e4cc8dc29a8,Jaylen Brown,NBA,29.04,36.23,13,0.2,7.9700,5.8000,9.5500,6.7200
$50 NBA Daily 8/17,2020-08-17T23:02:42.755702,estk_bf9a2e4cc8dc29a8da4bddbbc347c31f,evt_bf9a2e4cc8dc29a8,Jayson Tatum,NBA,35.35,33.78,5.5,0.2,6.9500,7.4800,8.6500,6.0100
$50 NBA Daily 8/17,2020-08-17T23:02:42.755705,estk_bf9a2e4cc8dc29a877c3d3d4d8ad15c5,evt_bf9a2e4cc8dc29a8,Tobias Harris,NBA,31.88,35.5,10,0.2,6.9500,6.5500,8.5000,5.8100
$50 NBA Daily 8/17,2020-08-17T23:02:42.755709,estk_bf9a2e4cc8dc29a8f7c5bbc448149f99,evt_bf9a2e4cc8dc29a8,Gordon Hayward,NBA,28.9,31.62,8.5,0.2,6.8700,5.7800,8.4900,5.2100
$50 NBA Daily 8/17,2020-08-17T23:02:42.755713,estk_bf9a2e4cc8dc29a8a9edb859d18234d0,evt_bf9a2e4cc8dc29a8,Kemba Walker,NBA,27.97,27.38,5,0.2,5.5400,5.5100,7.3400,4.5500
$50 NBA Daily 8/17,2020-08-17T23:02:42.755717,estk_bf9a2e4cc8dc29a8b3147c681557a264,evt_bf9a2e4cc8dc29a8,Josh Richardson,NBA,23.84,24.82,5.75,0.2,5.1400,4.5400,6.4600,3.6300
$50 NBA Daily 8/17,2020-08-17T23:02:42.755729,estk_bf9a2e4cc8dc29a8201a5680f9441b5c,evt_bf9a2e4cc8dc29a8,Daniel Theis,NBA,19.63,23.7,8,0.2,4.5600,3.7300,6.1100,2.9300
$50 NBA Daily 8/17,2020-08-17T23:02:42.755733,estk_bf9a2e4cc8dc29a863a58b55849249a4,evt_bf9a2e4cc8dc29a8,Al Horford,NBA,27.79,23.23,1,0.2,4.5000,5.4700,6.0900,3.3900
$50 NBA Daily 8/17,2020-08-17T23:02:42.755765,estk_bf9a2e4cc8dc29a8049fe8ca7bf97ec4,evt_bf9a2e4cc8dc29a8,Marcus Smart,NBA,21.49,17.19,0,0.2,3.2400,4.1300,5.0500,2.3000
$50 NBA Daily 8/17,2020-08-17T23:02:42.755776,estk_bf9a2e4cc8dc29a8a1e25447b314f889,evt_bf9a2e4cc8dc29a8,Shake Milton,NBA,16.44,15.65,2.5,0.2,2.9700,3.1700,4.9200,1.8200
$50 NBA Daily 8/17,2020-08-17T23:02:42.755791,estk_bf9a2e4cc8dc29a892bc30f31e413420,evt_bf9a2e4cc8dc29a8,Matisse Thybulle,NBA,13.14,17.26,6.75,0.2,2.5000,2.7300,4.3700,1.2900
$50 NBA Daily 8/17,2020-08-17T23:02:42.755794,estk_bf9a2e4cc8dc29a8575ca725abf50fd3,evt_bf9a2e4cc8dc29a8,Alec Burks,NBA,14.24,14.89,3.5,0.2,2.3600,2.8000,4.0600,1.5000
$50 NBA Daily 8/17,2020-08-17T23:02:42.755798,estk_bf9a2e4cc8dc29a8233a24e71677893c,evt_bf9a2e4cc8dc29a8,Robert Williams,NBA,13.77,11.02,0,0.2,2.3300,2.8400,4.0100,1.3600
$50 NBA Daily 8/17,2020-08-17T23:05:44.827598,estk_bf9a2e4cc8dc29a87a763361bd2f9a08,evt_bf9a2e4cc8dc29a8,Joel Embiid,NBA,51.78,54.87,15,0.23,15.5600,9.3500,17.8200,13.9200
$50 NBA Daily 8/17,2020-08-17T23:05:44.827645,estk_bf9a2e4cc8dc29a84b8c495d9fa8db90,evt_bf9a2e4cc8dc29a8,Jaylen Brown,NBA,29.04,36.86,14.5,0.23,8.1900,5.8000,9.5500,6.7200
$50 NBA Daily 8/17,2020-08-17T23:05:44.827650,estk_bf9a2e4cc8dc29a877c3d3d4d8ad15c5,evt_bf9a2e4cc8dc29a8,Tobias Harris,NBA,31.88,34.55,10,0.23,7.4600,6.5500,8.9200,5.8100
$50 NBA Daily 8/17,2020-08-17T23:05:44.827654,estk_bf9a2e4cc8dc29a8da4bddbbc347c31f,evt_bf9a2e4cc8dc29a8,Jayson Tatum,NBA,35.35,34.72,7.5,0.23,7.4200,7.4800,8.6500,6.0100
$50 NBA Daily 8/17,2020-08-17T23:05:44.827658,estk_bf9a2e4cc8dc29a8f7c5bbc448149f99,evt_bf9a2e4cc8dc29a8,Gordon Hayward,NBA,28.9,30.75,8.5,0.23,6.1500,5.7800,8.4900,5.2100
$50 NBA Daily 8/17,2020-08-17T23:05:44.827666,estk_bf9a2e4cc8dc29a8a9edb859d18234d0,evt_bf9a2e4cc8dc29a8,Kemba Walker,NBA,27.97,26.54,5,0.23,5.0100,5.5100,6.8000,4.3100
$50 NBA Daily 8/17,2020-08-17T23:05:44.827673,estk_bf9a2e4cc8dc29a8b3147c681557a264,evt_bf9a2e4cc8dc29a8,Josh Richardson,NBA,23.84,24.11,5.75,0.23,4.3600,4.5400,6.4600,3.6300
$50 NBA Daily 8/17,2020-08-17T23:05:44.827681,estk_bf9a2e4cc8dc29a863a58b55849249a4,evt_bf9a2e4cc8dc29a8,Al Horford,NBA,27.79,23.15,1.75,0.23,4.1900,5.4700,5.7900,3.2900
$50 NBA Daily 8/17,2020-08-17T23:05:44.827685,estk_bf9a2e4cc8dc29a8201a5680f9441b5c,evt_bf9a2e4cc8dc29a8,Daniel Theis,NBA,19.63,23.12,8,0.23,4.1900,3.7300,6.1100,2.9300
$50 NBA Daily 8/17,2020-08-17T23:05:44.827718,estk_bf9a2e4cc8dc29a892bc30f31e413420,evt_bf9a2e4cc8dc29a8,Matisse Thybulle,NBA,13.14,18.37,8.25,0.23,3.1900,2.7300,4.3700,1.2900
$50 NBA Daily 8/17,2020-08-17T23:05:44.827725,estk_bf9a2e4cc8dc29a8049fe8ca7bf97ec4,evt_bf9a2e4cc8dc29a8,Marcus Smart,NBA,21.49,16.05,-0.5,0.23,2.8100,4.1300,5.0500,1.9300
$50 NBA Daily 8/17,2020-08-17T23:05:44.827733,estk_bf9a2e4cc8dc29a8575ca725abf50fd3,evt_bf9a2e4cc8dc29a8,Alec Burks,NBA,14.24,15.46,4.5,0.23,2.7500,2.8000,4.0600,1.5000
$50 NBA Daily 8/17,2020-08-17T23:05:44.827740,estk_bf9a2e4cc8dc29a8a1e25447b314f889,evt_bf9a2e4cc8dc29a8,Shake Milton,NBA,16.44,15.16,2.5,0.23,2.6800,3.1700,4.3100,1.8200
$50 NBA Daily 8/17,2020-08-17T23:05:44.827744,estk_bf9a2e4cc8dc29a8233a24e71677893c,evt_bf9a2e4cc8dc29a8,Robert Williams,NBA,13.77,10.6,0,0.23,2.1300,2.8400,4.0100,1.3600
$50 NBA Daily 8/17,2020-08-17T23:06:45.545624,estk_bf9a2e4cc8dc29a87a763361bd2f9a08,evt_bf9a2e4cc8dc29a8,Joel Embiid,NBA,51.78,54.35,15,0.24,15.5600,9.3500,17.8200,13.9200
$50 NBA Daily 8/17,2020-08-17T23:06:45.545676,estk_bf9a2e4cc8dc29a84b8c495d9fa8db90,evt_bf9a2e4cc8dc29a8,Jaylen Brown,NBA,29.04,36.57,14.5,0.24,8.1300,5.8000,9.5500,6.7200
$50 NBA Daily 8/17,2020-08-17T23:06:45.545681,estk_bf9a2e4cc8dc29a8da4bddbbc347c31f,evt_bf9a2e4cc8dc29a8,Jayson Tatum,NBA,35.35,35.37,8.5,0.24,7.5100,7.4800,8.7500,6.0100
$50 NBA Daily 8/17,2020-08-17T23:06:45.545685,estk_bf9a2e4cc8dc29a877c3d3d4d8ad15c5,evt_bf9a2e4cc8dc29a8,Tobias Harris,NBA,31.88,34.23,10,0.24,7.3900,6.5500,8.9200,5.8100
$50 NBA Daily 8/17,2020-08-17T23:06:45.545689,estk_bf9a2e4cc8dc29a8f7c5bbc448149f99,evt_bf9a2e4cc8dc29a8,Gordon Hayward,NBA,28.9,30.46,8.5,0.24,6.2900,5.7800,7.7700,5.2100
$50 NBA Daily 8/17,2020-08-17T23:06:45.545697,estk_bf9a2e4cc8dc29a8a9edb859d18234d0,evt_bf9a2e4cc8dc29a8,Kemba Walker,NBA,27.97,26.26,5,0.24,5.0200,5.5100,6.8000,4.1400
$50 NBA Daily 8/17,2020-08-17T23:06:45.545708,estk_bf9a2e4cc8dc29a8b3147c681557a264,evt_bf9a2e4cc8dc29a8,Josh Richardson,NBA,23.84,23.87,5.75,0.24,4.3300,4.5400,5.9200,3.4900
$50 NBA Daily 8/17,2020-08-17T23:06:45.545712,estk_bf9a2e4cc8dc29a8201a5680f9441b5c,evt_bf9a2e4cc8dc29a8,Daniel Theis,NBA,19.63,22.92,8,0.24,4.2000,3.7300,6.1100,2.9300
$50 NBA Daily 8/17,2020-08-17T23:06:45.545716,estk_bf9a2e4cc8dc29a863a58b55849249a4,evt_bf9a2e4cc8dc29a8,Al Horford,NBA,27.79,22.37,1.25,0.24,4.1400,5.4700,5.7900,3.2900
$50 NBA Daily 8/17,2020-08-17T23:06:45.545741,estk_bf9a2e4cc8dc29a892bc30f31e413420,evt_bf9a2e4cc8dc29a8,Matisse Thybulle,NBA,13.14,18.24,8.25,0.24,3.2600,2.7300,4.3700,1.2900
$50 NBA Daily 8/17,2020-08-17T23:06:45.545755,estk_bf9a2e4cc8dc29a8049fe8ca7bf97ec4,evt_bf9a2e4cc8dc29a8,Marcus Smart,NBA,21.49,15.83,-0.5,0.24,2.7800,4.1300,4.3400,1.9300
$50 NBA Daily 8/17,2020-08-17T23:06:45.545763,estk_bf9a2e4cc8dc29a8575ca725abf50fd3,evt_bf9a2e4cc8dc29a8,Alec Burks,NBA,14.24,15.32,4.5,0.24,2.7100,2.8000,4.0600,1.5000
$50 NBA Daily 8/17,2020-08-17T23:06:45.545767,estk_bf9a2e4cc8dc29a8a1e25447b314f889,evt_bf9a2e4cc8dc29a8,Shake Milton,NBA,16.44,14.99,2.5,0.24,2.6900,3.1700,4.3100,1.8200
$50 NBA Daily 8/17,2020-08-17T23:06:45.545774,estk_bf9a2e4cc8dc29a8233a24e71677893c,evt_bf9a2e4cc8dc29a8,Robert Williams,NBA,13.77,11.72,1.25,0.24,2.0800,2.8400,4.0100,1.2000
$50 NBA Daily 8/17,2020-08-17T23:07:46.116491,estk_bf9a2e4cc8dc29a87a763361bd2f9a08,evt_bf9a2e4cc8dc29a8,Joel Embiid,NBA,51.78,53.84,15,0.25,15.4000,9.3500,17.2100,13.9200
$50 NBA Daily 8/17,2020-08-17T23:07:46.116535,estk_bf9a2e4cc8dc29a84b8c495d9fa8db90,evt_bf9a2e4cc8dc29a8,Jaylen Brown,NBA,29.04,36.28,14.5,0.25,8.1800,5.8000,9.5500,6.7200
$50 NBA Daily 8/17,2020-08-17T23:07:46.116539,estk_bf9a2e4cc8dc29a8da4bddbbc347c31f,evt_bf9a2e4cc8dc29a8,Jayson Tatum,NBA,35.35,36.01,9.5,0.25,7.6700,7.4800,9.1600,6.0200
$50 NBA Daily 8/17,2020-08-17T23:07:46.116543,estk_bf9a2e4cc8dc29a877c3d3d4d8ad15c5,evt_bf9a2e4cc8dc29a8,Tobias Harris,NBA,31.88,33.91,10,0.25,7.3000,6.5500,8.9200,5.8100
$50 NBA Daily 8/17,2020-08-17T23:07:46.116547,estk_bf9a2e4cc8dc29a8f7c5bbc448149f99,evt_bf9a2e4cc8dc29a8,Gordon Hayward,NBA,28.9,30.17,8.5,0.25,6.0900,5.7800,7.7700,5.2100
$50 NBA Daily 8/17,2020-08-17T23:07:46.116555,estk_bf9a2e4cc8dc29a8a9edb859d18234d0,evt_bf9a2e4cc8dc29a8,Kemba Walker,NBA,27.97,25.98,5,0.25,4.9000,5.5100,6.8000,4.0500
$50 NBA Daily 8/17,2020-08-17T23:07:46.116566,estk_bf9a2e4cc8dc29a8b3147c681557a264,evt_bf9a2e4cc8dc29a8,Josh Richardson,NBA,23.84,23.63,5.75,0.25,4.2900,4.5400,5.9200,3.2000
$50 NBA Daily 8/17,2020-08-17T23:07:46.116573,estk_bf9a2e4cc8dc29a8201a5680f9441b5c,evt_bf9a2e4cc8dc29a8,Daniel Theis,NBA,19.63,22.72,8,0.25,4.1000,3.7300,6.1100,2.9300
$50 NBA Daily 8/17,2020-08-17T23:07:46.116577,estk_bf9a2e4cc8dc29a863a58b55849249a4,evt_bf9a2e4cc8dc29a8,Al Horford,NBA,27.79,22.09,1.25,0.25,3.9600,5.4700,5.5400,3.0400
$50 NBA Daily 8/17,2020-08-17T23:07:46.116605,estk_bf9a2e4cc8dc29a892bc30f31e413420,evt_bf9a2e4cc8dc29a8,Matisse Thybulle,NBA,13.14,18.11,8.25,0.25,3.1600,2.7300,4.3700,1.6000
$50 NBA Daily 8/17,2020-08-17T23:07:46.116616,estk_bf9a2e4cc8dc29a8049fe8ca7bf97ec4,evt_bf9a2e4cc8dc29a8,Marcus Smart,NBA,21.49,15.62,-0.5,0.25,2.7500,4.1300,4.3400,1.9300
$50 NBA Daily 8/17,2020-08-17T23:07:46.116655,estk_bf9a2e4cc8dc29a8575ca725abf50fd3,evt_bf9a2e4cc8dc29a8,Alec Burks,NBA,14.24,15.18,4.5,0.25,2.7300,2.8000,4.0600,1.5000
$50 NBA Daily 8/17,2020-08-17T23:07:46.116660,estk_bf9a2e4cc8dc29a8a1e25447b314f889,evt_bf9a2e4cc8dc29a8,Shake Milton,NBA,16.44,14.83,2.5,0.25,2.6700,3.1700,4.3100,1.8200
$50 NBA Daily 8/17,2020-08-17T23:07:46.116667,estk_bf9a2e4cc8dc29a8233a24e71677893c,evt_bf9a2e4cc8dc29a8,Robert Williams,NBA,13.77,11.58,1.25,0.25,2.2300,2.8400,4.0100,1.2000
$50 NBA Daily 8/17,2020-08-17T23:14:50.947585,estk_bf9a2e4cc8dc29a87a763361bd2f9a08,evt_bf9a2e4cc8dc29a8,Joel Embiid,NBA,51.78,53.53,16.25,0.28,15.2800,9.3500,17.2100,13.9200
$50 NBA Daily 8/17,2020-08-17T23:14:50.947631,estk_bf9a2e4cc8dc29a8da4bddbbc347c31f,evt_bf9a2e4cc8dc29a8,Jayson Tatum,NBA,35.35,34.95,9.5,0.28,7.9100,7.4800,9.3200,6.3200
$50 NBA Daily 8/17,2020-08-17T23:14:50.947635,estk_bf9a2e4cc8dc29a84b8c495d9fa8db90,evt_bf9a2e4cc8dc29a8,Jaylen Brown,NBA,29.04,34.91,14,0.28,7.8600,5.8000,9.5500,6.7200
$50 NBA Daily 8/17,2020-08-17T23:14:50.947640,estk_bf9a2e4cc8dc29a877c3d3d4d8ad15c5,evt_bf9a2e4cc8dc29a8,Tobias Harris,NBA,31.88,32.95,10,0.28,7.2200,6.5500,8.9200,5.8100
$50 NBA Daily 8/17,2020-08-17T23:14:50.947644,estk_bf9a2e4cc8dc29a8f7c5bbc448149f99,evt_bf9a2e4cc8dc29a8,Gordon Hayward,NBA,28.9,30.31,9.5,0.28,6.0500,5.7800,7.7700,4.7800
$50 NBA Daily 8/17,2020-08-17T23:14:50.947652,estk_bf9a2e4cc8dc29a8a9edb859d18234d0,evt_bf9a2e4cc8dc29a8,Kemba Walker,NBA,27.97,25.14,5,0.28,4.8800,5.5100,6.8000,3.6000
$50 NBA Daily 8/17,2020-08-17T23:14:50.947669,estk_bf9a2e4cc8dc29a8b3147c681557a264,evt_bf9a2e4cc8dc29a8,Josh Richardson,NBA,23.84,22.91,5.75,0.28,4.1800,4.5400,5.9200,3.2000
$50 NBA Daily 8/17,2020-08-17T23:14:50.947673,estk_bf9a2e4cc8dc29a8201a5680f9441b5c,evt_bf9a2e4cc8dc29a8,Daniel Theis,NBA,19.63,22.13,8,0.28,4.0600,3.7300,5.5900,2.9300
$50 NBA Daily 8/17,2020-08-17T23:14:50.947677,estk_bf9a2e4cc8dc29a863a58b55849249a4,evt_bf9a2e4cc8dc29a8,Al Horford,NBA,27.79,22.76,2.75,0.28,3.9300,5.4700,5.5400,3.0400
$50 NBA Daily 8/17,2020-08-17T23:14:50.947704,estk_bf9a2e4cc8dc29a892bc30f31e413420,evt_bf9a2e4cc8dc29a8,Matisse Thybulle,NBA,13.14,18.96,9.5,0.28,3.4100,2.7300,4.9500,1.6000
$50 NBA Daily 8/17,2020-08-17T23:14:50.947721,estk_bf9a2e4cc8dc29a8575ca725abf50fd3,evt_bf9a2e4cc8dc29a8,Alec Burks,NBA,14.24,15.25,5,0.28,2.7700,2.8000,4.0600,1.5000
$50 NBA Daily 8/17,2020-08-17T23:14:50.947725,estk_bf9a2e4cc8dc29a8049fe8ca7bf97ec4,evt_bf9a2e4cc8dc29a8,Marcus Smart,NBA,21.49,14.97,-0.5,0.28,2.7500,4.1300,4.3400,1.7400
$50 NBA Daily 8/17,2020-08-17T23:14:50.947733,estk_bf9a2e4cc8dc29a8a1e25447b314f889,evt_bf9a2e4cc8dc29a8,Shake Milton,NBA,16.44,14.34,2.5,0.28,2.6800,3.1700,4.3100,1.6200
$50 NBA Daily 8/17,2020-08-17T23:14:50.947736,estk_bf9a2e4cc8dc29a8233a24e71677893c,evt_bf9a2e4cc8dc29a8,Robert Williams,NBA,13.77,11.91,2,0.28,2.3200,2.8400,4.0100,1.2000
$50 NBA Daily 8/17,2020-08-17T23:16:52.247721,estk_bf9a2e4cc8dc29a87a763361bd2f9a08,evt_bf9a2e4cc8dc29a8,Joel Embiid,NBA,51.78,54.48,18.75,0.31,15.2800,9.3500,17.2100,13.9200
$50 NBA Daily 8/17,2020-08-17T23:16:52.247767,estk_bf9a2e4cc8dc29a8da4bddbbc347c31f,evt_bf9a2e4cc8dc29a8,Jayson Tatum,NBA,35.35,36.14,11.75,0.31,7.6000,7.4800,9.3200,6.3200
$50 NBA Daily 8/17,2020-08-17T23:16:52.247771,estk_bf9a2e4cc8dc29a84b8c495d9fa8db90,evt_bf9a2e4cc8dc29a8,Jaylen Brown,NBA,29.04,34.04,14,0.31,7.5800,5.8000,9.5500,6.6500
$50 NBA Daily 8/17,2020-08-17T23:16:52.247775,estk_bf9a2e4cc8dc29a877c3d3d4d8ad15c5,evt_bf9a2e4cc8dc29a8,Tobias Harris,NBA,31.88,32,10,0.31,6.8700,6.5500,8.5100,5.8100
$50 NBA Daily 8/17,2020-08-17T23:16:52.247779,estk_bf9a2e4cc8dc29a8f7c5bbc448149f99,evt_bf9a2e4cc8dc29a8,Gordon Hayward,NBA,28.9,28.94,9,0.31,6.0900,5.7800,7.7700,4.7800
$50 NBA Daily 8/17,2020-08-17T23:16:52.247791,estk_bf9a2e4cc8dc29a8a9edb859d18234d0,evt_bf9a2e4cc8dc29a8,Kemba Walker,NBA,27.97,24.3,5,0.31,4.6600,5.5100,6.2500,3.6000
$50 NBA Daily 8/17,2020-08-17T23:16:52.247802,estk_bf9a2e4cc8dc29a8b3147c681557a264,evt_bf9a2e4cc8dc29a8,Josh Richardson,NBA,23.84,22.2,5.75,0.31,4.1400,4.5400,5.9200,3.2000
$50 NBA Daily 8/17,2020-08-17T23:16:52.247806,estk_bf9a2e4cc8dc29a863a58b55849249a4,evt_bf9a2e4cc8dc29a8,Al Horford,NBA,27.79,26.43,7.25,0.31,4.0700,5.4700,5.5400,3.0400
$50 NBA Daily 8/17,2020-08-17T23:16:52.247814,estk_bf9a2e4cc8dc29a8201a5680f9441b5c,evt_bf9a2e4cc8dc29a8,Daniel Theis,NBA,19.63,21.54,8,0.31,3.9100,3.7300,5.5900,2.9300
$50 NBA Daily 8/17,2020-08-17T23:16:52.247832,estk_bf9a2e4cc8dc29a892bc30f31e413420,evt_bf9a2e4cc8dc29a8,Matisse Thybulle,NBA,13.14,18.57,9.5,0.31,3.3000,2.7300,4.9500,1.6000
$50 NBA Daily 8/17,2020-08-17T23:16:52.247852,estk_bf9a2e4cc8dc29a8575ca725abf50fd3,evt_bf9a2e4cc8dc29a8,Alec Burks,NBA,14.24,14.83,5,0.31,2.6800,2.8000,4.0600,1.5000
$50 NBA Daily 8/17,2020-08-17T23:16:52.247856,estk_bf9a2e4cc8dc29a8049fe8ca7bf97ec4,evt_bf9a2e4cc8dc29a8,Marcus Smart,NBA,21.49,14.33,-0.5,0.31,2.6300,4.1300,4.3400,1.7400
$50 NBA Daily 8/17,2020-08-17T23:16:52.247860,estk_bf9a2e4cc8dc29a8a1e25447b314f889,evt_bf9a2e4cc8dc29a8,Shake Milton,NBA,16.44,13.84,2.5,0.31,2.5300,3.1700,4.3100,1.6200
$50 NBA Daily 8/17,2020-08-17T23:16:52.247863,estk_bf9a2e4cc8dc29a8233a24e71677893c,evt_bf9a2e4cc8dc29a8,Robert Williams,NBA,13.77,13.5,4,0.31,2.2300,2.8400,4.0100,1.2000
$50 NBA Daily 8/17,2020-08-17T23:17:52.945835,estk_bf9a2e4cc8dc29a87a763361bd2f9a08,evt_bf9a2e4cc8dc29a8,Joel Embiid,NBA,51.78,55.21,20,0.32,15.8700,9.3500,17.2100,14.0500
$50 NBA Daily 8/17,2020-08-17T23:17:52.945881,estk_bf9a2e4cc8dc29a8da4bddbbc347c31f,evt_bf9a2e4cc8dc29a8,Jayson Tatum,NBA,35.35,35.79,11.75,0.32,8.0000,7.4800,9.3200,6.3400
$50 NBA Daily 8/17,2020-08-17T23:17:52.945885,estk_bf9a2e4cc8dc29a84b8c495d9fa8db90,evt_bf9a2e4cc8dc29a8,Jaylen Brown,NBA,29.04,33.75,14,0.32,7.2900,5.8000,8.9400,6.2600
$50 NBA Daily 8/17,2020-08-17T23:17:52.945889,estk_bf9a2e4cc8dc29a877c3d3d4d8ad15c5,evt_bf9a2e4cc8dc29a8,Tobias Harris,NBA,31.88,31.68,10,0.32,6.6400,6.5500,8.2700,5.7400
$50 NBA Daily 8/17,2020-08-17T23:17:52.945893,estk_bf9a2e4cc8dc29a8f7c5bbc448149f99,evt_bf9a2e4cc8dc29a8,Gordon Hayward,NBA,28.9,28.65,9,0.32,5.6700,5.7800,7.2800,4.7800
$50 NBA Daily 8/17,2020-08-17T23:17:52.945901,estk_bf9a2e4cc8dc29a863a58b55849249a4,evt_bf9a2e4cc8dc29a8,Al Horford,NBA,27.79,25.65,6.75,0.32,4.9100,5.4700,6.5100,3.3100
$50 NBA Daily 8/17,2020-08-17T23:17:52.945913,estk_bf9a2e4cc8dc29a8a9edb859d18234d0,evt_bf9a2e4cc8dc29a8,Kemba Walker,NBA,27.97,24.02,5,0.32,4.3800,5.5100,6.2500,3.3000
$50 NBA Daily 8/17,2020-08-17T23:17:52.945923,estk_bf9a2e4cc8dc29a8b3147c681557a264,evt_bf9a2e4cc8dc29a8,Josh Richardson,NBA,23.84,21.96,5.75,0.32,3.9000,4.5400,5.9200,2.9200
$50 NBA Daily 8/17,2020-08-17T23:17:52.945931,estk_bf9a2e4cc8dc29a8201a5680f9441b5c,evt_bf9a2e4cc8dc29a8,Daniel Theis,NBA,19.63,21.35,8,0.32,3.7300,3.7300,5.5900,2.7600
$50 NBA Daily 8/17,2020-08-17T23:17:52.945953,estk_bf9a2e4cc8dc29a892bc30f31e413420,evt_bf9a2e4cc8dc29a8,Matisse Thybulle,NBA,13.14,18.44,9.5,0.32,3.1900,2.7300,4.9500,1.6300
$50 NBA Daily 8/17,2020-08-17T23:17:52.945967,estk_bf9a2e4cc8dc29a8575ca725abf50fd3,evt_bf9a2e4cc8dc29a8,Alec Burks,NBA,14.24,14.68,5,0.32,2.5300,2.8000,4.0600,1.5000
$50 NBA Daily 8/17,2020-08-17T23:17:52.945970,estk_bf9a2e4cc8dc29a8049fe8ca7bf97ec4,evt_bf9a2e4cc8dc29a8,Marcus Smart,NBA,21.49,15.61,1,0.32,2.5000,4.1300,4.3400,1.6700
$50 NBA Daily 8/17,2020-08-17T23:17:52.945974,estk_bf9a2e4cc8dc29a8a1e25447b314f889,evt_bf9a2e4cc8dc29a8,Shake Milton,NBA,16.44,13.68,2.5,0.32,2.4600,3.1700,4.3100,1.6200
$50 NBA Daily 8/17,2020-08-17T23:17:52.945978,estk_bf9a2e4cc8dc29a8233a24e71677893c,evt_bf9a2e4cc8dc29a8,Robert Williams,NBA,13.77,14.11,4.75,0.32,2.3600,2.8400,4.0100,1.2000
$50 NBA Daily 8/17,2020-08-17T23:20:54.896193,estk_bf9a2e4cc8dc29a87a763361bd2f9a08,evt_bf9a2e4cc8dc29a8,Joel Embiid,NBA,51.78,54.17,20,0.34,16.2200,9.3500,18.0300,14.0500
$50 NBA Daily 8/17,2020-08-17T23:20:54.896240,estk_bf9a2e4cc8dc29a8da4bddbbc347c31f,evt_bf9a2e4cc8dc29a8,Jayson Tatum,NBA,35.35,38.58,15.25,0.34,8.0100,7.4800,9.3200,6.3400
$50 NBA Daily 8/17,2020-08-17T23:20:54.896244,estk_bf9a2e4cc8dc29a84b8c495d9fa8db90,evt_bf9a2e4cc8dc29a8,Jaylen Brown,NBA,29.04,33.17,14,0.34,7.2100,5.8000,8.9400,6.2600
$50 NBA Daily 8/17,2020-08-17T23:20:54.896248,estk_bf9a2e4cc8dc29a877c3d3d4d8ad15c5,evt_bf9a2e4cc8dc29a8,Tobias Harris,NBA,31.88,33.04,12,0.34,6.5000,6.5500,8.2700,5.5900
$50 NBA Daily 8/17,2020-08-17T23:20:54.896252,estk_bf9a2e4cc8dc29a8f7c5bbc448149f99,evt_bf9a2e4cc8dc29a8,Gordon Hayward,NBA,28.9,28.07,9,0.34,5.5700,5.7800,7.1600,4.5300
$50 NBA Daily 8/17,2020-08-17T23:20:54.896264,estk_bf9a2e4cc8dc29a863a58b55849249a4,evt_bf9a2e4cc8dc29a8,Al Horford,NBA,27.79,28.09,9.75,0.34,4.6900,5.4700,6.5100,3.3100
$50 NBA Daily 8/17,2020-08-17T23:20:54.896275,estk_bf9a2e4cc8dc29a8a9edb859d18234d0,evt_bf9a2e4cc8dc29a8,Kemba Walker,NBA,27.97,23.46,5,0.34,4.2700,5.5100,6.2500,3.3000
$50 NBA Daily 8/17,2020-08-17T23:20:54.896282,estk_bf9a2e4cc8dc29a8b3147c681557a264,evt_bf9a2e4cc8dc29a8,Josh Richardson,NBA,23.84,21.48,5.75,0.34,3.8500,4.5400,5.4300,2.9200
$50 NBA Daily 8/17,2020-08-17T23:20:54.896290,estk_bf9a2e4cc8dc29a8201a5680f9441b5c,evt_bf9a2e4cc8dc29a8,Daniel Theis,NBA,19.63,20.96,8,0.34,3.6800,3.7300,5.5900,2.7600
$50 NBA Daily 8/17,2020-08-17T23:20:54.896312,estk_bf9a2e4cc8dc29a892bc30f31e413420,evt_bf9a2e4cc8dc29a8,Matisse Thybulle,NBA,13.14,18.17,9.5,0.34,3.1100,2.7300,4.9500,1.6300
$50 NBA Daily 8/17,2020-08-17T23:20:54.896326,estk_bf9a2e4cc8dc29a8049fe8ca7bf97ec4,evt_bf9a2e4cc8dc29a8,Marcus Smart,NBA,21.49,15.18,1,0.34,2.6700,4.1300,4.3400,1.6700
$50 NBA Daily 8/17,2020-08-17T23:20:54.896330,estk_bf9a2e4cc8dc29a8575ca725abf50fd3,evt_bf9a2e4cc8dc29a8,Alec Burks,NBA,14.24,16.4,7,0.34,2.5400,2.8000,4.0600,1.5000
$50 NBA Daily 8/17,2020-08-17T23:20:54.896334,estk_bf9a2e4cc8dc29a8233a24e71677893c,evt_bf9a2e4cc8dc29a8,Robert Williams,NBA,13.77,15.84,6.75,0.34,2.4300,2.8400,4.0100,1.2000
$50 NBA Daily 8/17,2020-08-17T23:20:54.896337,estk_bf9a2e4cc8dc29a8a1e25447b314f889,evt_bf9a2e4cc8dc29a8,Shake Milton,NBA,16.44,13.35,2.5,0.34,2.4200,3.1700,4.3100,1.5700
$50 NBA Daily 8/17,2020-08-17T23:22:56.197482,estk_bf9a2e4cc8dc29a87a763361bd2f9a08,evt_bf9a2e4cc8dc29a8,Joel Embiid,NBA,51.78,53.66,20,0.35,15.7200,9.3500,18.0300,14.0500
$50 NBA Daily 8/17,2020-08-17T23:22:56.197530,estk_bf9a2e4cc8dc29a8da4bddbbc347c31f,evt_bf9a2e4cc8dc29a8,Jayson Tatum,NBA,35.35,40.23,17.25,0.35,8.9600,7.4800,10.5900,7.2300
$50 NBA Daily 8/17,2020-08-17T23:22:56.197534,estk_bf9a2e4cc8dc29a84b8c495d9fa8db90,evt_bf9a2e4cc8dc29a8,Jaylen Brown,NBA,29.04,32.88,14,0.35,7.0500,5.8000,8.9400,5.6400
$50 NBA Daily 8/17,2020-08-17T23:22:56.197538,estk_bf9a2e4cc8dc29a877c3d3d4d8ad15c5,evt_bf9a2e4cc8dc29a8,Tobias Harris,NBA,31.88,34.72,14,0.35,6.8300,6.5500,8.2700,5.5900
$50 NBA Daily 8/17,2020-08-17T23:22:56.197542,estk_bf9a2e4cc8dc29a863a58b55849249a4,evt_bf9a2e4cc8dc29a8,Al Horford,NBA,27.79,27.81,9.75,0.35,5.3600,5.4700,6.5100,3.6500
$50 NBA Daily 8/17,2020-08-17T23:22:56.197546,estk_bf9a2e4cc8dc29a8f7c5bbc448149f99,evt_bf9a2e4cc8dc29a8,Gordon Hayward,NBA,28.9,27.79,9,0.35,5.3200,5.7800,7.1600,4.0600
$50 NBA Daily 8/17,2020-08-17T23:22:56.197564,estk_bf9a2e4cc8dc29a8a9edb859d18234d0,evt_bf9a2e4cc8dc29a8,Kemba Walker,NBA,27.97,23.18,5,0.35,4.1500,5.5100,5.7300,3.3000
$50 NBA Daily 8/17,2020-08-17T23:22:56.197575,estk_bf9a2e4cc8dc29a8b3147c681557a264,evt_bf9a2e4cc8dc29a8,Josh Richardson,NBA,23.84,21.25,5.75,0.35,3.6600,4.5400,5.2100,2.7700
$50 NBA Daily 8/17,2020-08-17T23:22:56.197582,estk_bf9a2e4cc8dc29a8201a5680f9441b5c,evt_bf9a2e4cc8dc29a8,Daniel Theis,NBA,19.63,20.76,8,0.35,3.5800,3.7300,5.5900,2.6300
$50 NBA Daily 8/17,2020-08-17T23:22:56.197603,estk_bf9a2e4cc8dc29a892bc30f31e413420,evt_bf9a2e4cc8dc29a8,Matisse Thybulle,NBA,13.14,18.04,9.5,0.35,3.0100,2.7300,4.9500,1.6300
$50 NBA Daily 8/17,2020-08-17T23:22:56.197613,estk_bf9a2e4cc8dc29a8575ca725abf50fd3,evt_bf9a2e4cc8dc29a8,Alec Burks,NBA,14.24,16.26,7,0.35,2.6900,2.8000,4.0600,1.5000
$50 NBA Daily 8/17,2020-08-17T23:22:56.197617,estk_bf9a2e4cc8dc29a8233a24e71677893c,evt_bf9a2e4cc8dc29a8,Robert Williams,NBA,13.77,15.7,6.75,0.35,2.6700,2.8400,4.0100,1.2000
$50 NBA Daily 8/17,2020-08-17T23:22:56.197621,estk_bf9a2e4cc8dc29a8049fe8ca7bf97ec4,evt_bf9a2e4cc8dc29a8,Marcus Smart,NBA,21.49,14.97,1,0.35,2.5600,4.1300,4.3400,1.6700
$50 NBA Daily 8/17,2020-08-17T23:22:56.197624,estk_bf9a2e4cc8dc29a8a1e25447b314f889,evt_bf9a2e4cc8dc29a8,Shake Milton,NBA,16.44,13.19,2.5,0.35,2.3000,3.1700,4.3100,1.5000
$50 NBA Daily 8/17,2020-08-17T23:24:57.529333,estk_bf9a2e4cc8dc29a87a763361bd2f9a08,evt_bf9a2e4cc8dc29a8,Joel Embiid,NBA,51.78,53.35,21.25,0.38,15.5300,9.3500,17.3800,14.0500
$50 NBA Daily 8/17,2020-08-17T23:24:57.529377,estk_bf9a2e4cc8dc29a8da4bddbbc347c31f,evt_bf9a2e4cc8dc29a8,Jayson Tatum,NBA,35.35,43.92,22,0.38,9.5500,7.4800,11.2000,7.8200
$50 NBA Daily 8/17,2020-08-17T23:24:57.529381,estk_bf9a2e4cc8dc29a877c3d3d4d8ad15c5,evt_bf9a2e4cc8dc29a8,Tobias Harris,NBA,31.88,33.77,14,0.38,7.5000,6.5500,9.1100,5.5900
$50 NBA Daily 8/17,2020-08-17T23:24:57.529385,estk_bf9a2e4cc8dc29a84b8c495d9fa8db90,evt_bf9a2e4cc8dc29a8,Jaylen Brown,NBA,29.04,32,14,0.38,6.8100,5.8000,8.9400,5.6400
$50 NBA Daily 8/17,2020-08-17T23:24:57.529389,estk_bf9a2e4cc8dc29a8f7c5bbc448149f99,evt_bf9a2e4cc8dc29a8,Gordon Hayward,NBA,28.9,28.92,11,0.38,5.2500,5.7800,7.1600,4.0600
$50 NBA Daily 8/17,2020-08-17T23:24:57.529394,estk_bf9a2e4cc8dc29a863a58b55849249a4,evt_bf9a2e4cc8dc29a8,Al Horford,NBA,27.79,26.98,9.75,0.38,5.2100,5.4700,6.5100,3.6500
$50 NBA Daily 8/17,2020-08-17T23:24:57.529412,estk_bf9a2e4cc8dc29a8a9edb859d18234d0,evt_bf9a2e4cc8dc29a8,Kemba Walker,NBA,27.97,23.84,6.5,0.38,4.0200,5.5100,5.7300,2.7900
$50 NBA Daily 8/17,2020-08-17T23:24:57.529426,estk_bf9a2e4cc8dc29a8b3147c681557a264,evt_bf9a2e4cc8dc29a8,Josh Richardson,NBA,23.84,19.53,4.75,0.38,3.5500,4.5400,5.2100,2.7000
$50 NBA Daily 8/17,2020-08-17T23:24:57.529437,estk_bf9a2e4cc8dc29a8201a5680f9441b5c,evt_bf9a2e4cc8dc29a8,Daniel Theis,NBA,19.63,22.17,10,0.38,3.4700,3.7300,5.0800,2.6300
$50 NBA Daily 8/17,2020-08-17T23:24:57.529451,estk_bf9a2e4cc8dc29a892bc30f31e413420,evt_bf9a2e4cc8dc29a8,Matisse Thybulle,NBA,13.14,17.65,9.5,0.38,2.9700,2.7300,4.9500,1.6300
$50 NBA Daily 8/17,2020-08-17T23:24:57.529462,estk_bf9a2e4cc8dc29a8575ca725abf50fd3,evt_bf9a2e4cc8dc29a8,Alec Burks,NBA,14.24,15.33,6.5,0.38,2.6800,2.8000,4.0600,1.5000
$50 NBA Daily 8/17,2020-08-17T23:24:57.529466,estk_bf9a2e4cc8dc29a8233a24e71677893c,evt_bf9a2e4cc8dc29a8,Robert Williams,NBA,13.77,15.29,6.75,0.38,2.5900,2.8400,4.0100,1.2000
$50 NBA Daily 8/17,2020-08-17T23:24:57.529469,estk_bf9a2e4cc8dc29a8049fe8ca7bf97ec4,evt_bf9a2e4cc8dc29a8,Marcus Smart,NBA,21.49,15.82,2.5,0.38,2.4700,4.1300,4.3400,1.5100
$50 NBA Daily 8/17,2020-08-17T23:24:57.529473,estk_bf9a2e4cc8dc29a8a1e25447b314f889,evt_bf9a2e4cc8dc29a8,Shake Milton,NBA,16.44,12.69,2.5,0.38,2.2500,3.1700,3.7700,1.4300
$50 NBA Daily 8/17,2020-08-17T23:31:01.718419,estk_bf9a2e4cc8dc29a87a763361bd2f9a08,evt_bf9a2e4cc8dc29a8,Joel Embiid,NBA,51.78,52.82,21.75,0.4,15.3300,9.3500,17.3800,14.0500
$50 NBA Daily 8/17,2020-08-17T23:31:01.718454,estk_bf9a2e4cc8dc29a8da4bddbbc347c31f,evt_bf9a2e4cc8dc29a8,Jayson Tatum,NBA,35.35,46.46,25.25,0.4,11.0500,7.4800,12.7500,9.3200
$50 NBA Daily 8/17,2020-08-17T23:31:01.718469,estk_bf9a2e4cc8dc29a877c3d3d4d8ad15c5,evt_bf9a2e4cc8dc29a8,Tobias Harris,NBA,31.88,36.63,17.5,0.4,7.0500,6.5500,9.1100,5.5900
$50 NBA Daily 8/17,2020-08-17T23:31:01.718473,estk_bf9a2e4cc8dc29a84b8c495d9fa8db90,evt_bf9a2e4cc8dc29a8,Jaylen Brown,NBA,29.04,32.92,15.5,0.4,6.4300,5.8000,8.0400,5.3100
$50 NBA Daily 8/17,2020-08-17T23:31:01.718477,estk_bf9a2e4cc8dc29a8f7c5bbc448149f99,evt_bf9a2e4cc8dc29a8,Gordon Hayward,NBA,28.9,28.34,11,0.4,5.4700,5.7800,7.1600,4.0600
$50 NBA Daily 8/17,2020-08-17T23:31:01.718485,estk_bf9a2e4cc8dc29a863a58b55849249a4,evt_bf9a2e4cc8dc29a8,Al Horford,NBA,27.79,26.42,9.75,0.4,4.9600,5.4700,6.5100,3.6500
$50 NBA Daily 8/17,2020-08-17T23:31:01.718501,estk_bf9a2e4cc8dc29a8a9edb859d18234d0,evt_bf9a2e4cc8dc29a8,Kemba Walker,NBA,27.97,23.28,6.5,0.4,4.0400,5.5100,5.7300,2.7900
$50 NBA Daily 8/17,2020-08-17T23:31:01.718511,estk_bf9a2e4cc8dc29a8201a5680f9441b5c,evt_bf9a2e4cc8dc29a8,Daniel Theis,NBA,19.63,21.78,10,0.4,3.7400,3.7300,5.0800,2.6300
$50 NBA Daily 8/17,2020-08-17T23:31:01.718533,estk_bf9a2e4cc8dc29a8b3147c681557a264,evt_bf9a2e4cc8dc29a8,Josh Richardson,NBA,23.84,19.05,4.75,0.4,3.1700,4.5400,4.7200,2.3200
$50 NBA Daily 8/17,2020-08-17T23:31:01.718544,estk_bf9a2e4cc8dc29a892bc30f31e413420,evt_bf9a2e4cc8dc29a8,Matisse Thybulle,NBA,13.14,17.38,9.5,0.4,2.8300,2.7300,4.4200,1.6300
$50 NBA Daily 8/17,2020-08-17T23:31:01.718551,estk_bf9a2e4cc8dc29a8049fe8ca7bf97ec4,evt_bf9a2e4cc8dc29a8,Marcus Smart,NBA,21.49,15.39,2.5,0.4,2.5500,4.1300,4.3400,1.5100
$50 NBA Daily 8/17,2020-08-17T23:31:01.718555,estk_bf9a2e4cc8dc29a8575ca725abf50fd3,evt_bf9a2e4cc8dc29a8,Alec Burks,NBA,14.24,15.04,6.5,0.4,2.4800,2.8000,4.0600,1.5000
$50 NBA Daily 8/17,2020-08-17T23:31:01.718559,estk_bf9a2e4cc8dc29a8233a24e71677893c,evt_bf9a2e4cc8dc29a8,Robert Williams,NBA,13.77,15.01,6.75,0.4,2.4500,2.8400,4.0100,1.2000
$50 NBA Daily 8/17,2020-08-17T23:31:01.718563,estk_bf9a2e4cc8dc29a8a1e25447b314f889,evt_bf9a2e4cc8dc29a8,Shake Milton,NBA,16.44,14.36,4.5,0.4,2.1200,3.1700,3.7700,1.1200
$50 NBA Daily 8/17,2020-08-17T23:34:03.923788,estk_bf9a2e4cc8dc29a87a763361bd2f9a08,evt_bf9a2e4cc8dc29a8,Joel Embiid,NBA,51.78,54.75,25.75,0.44,16.0200,9.3500,17.3500,13.9400
$50 NBA Daily 8/17,2020-08-17T23:34:03.923824,estk_bf9a2e4cc8dc29a8da4bddbbc347c31f,evt_bf9a2e4cc8dc29a8,Jayson Tatum,NBA,35.35,45.05,25.25,0.44,11.5200,7.4800,13.9300,10.4500
$50 NBA Daily 8/17,2020-08-17T23:34:03.923840,estk_bf9a2e4cc8dc29a877c3d3d4d8ad15c5,evt_bf9a2e4cc8dc29a8,Tobias Harris,NBA,31.88,36.85,19,0.44,8.1200,6.5500,9.6200,5.5900
$50 NBA Daily 8/17,2020-08-17T23:34:03.923844,estk_bf9a2e4cc8dc29a84b8c495d9fa8db90,evt_bf9a2e4cc8dc29a8,Jaylen Brown,NBA,29.04,32.51,16.25,0.44,6.5000,5.8000,8.0400,5.3100
$50 NBA Daily 8/17,2020-08-17T23:34:03.923852,estk_bf9a2e4cc8dc29a8f7c5bbc448149f99,evt_bf9a2e4cc8dc29a8,Gordon Hayward,NBA,28.9,27.43,11.25,0.44,4.8800,5.7800,6.7000,4.0600
$50 NBA Daily 8/17,2020-08-17T23:34:03.923863,estk_bf9a2e4cc8dc29a863a58b55849249a4,evt_bf9a2e4cc8dc29a8,Al Horford,NBA,27.79,25.31,9.75,0.44,4.3500,5.4700,6.5100,3.6500
$50 NBA Daily 8/17,2020-08-17T23:34:03.923871,estk_bf9a2e4cc8dc29a8a9edb859d18234d0,evt_bf9a2e4cc8dc29a8,Kemba Walker,NBA,27.97,24.16,8.5,0.44,4.0000,5.5100,5.7300,2.7900
$50 NBA Daily 8/17,2020-08-17T23:34:03.923893,estk_bf9a2e4cc8dc29a8201a5680f9441b5c,evt_bf9a2e4cc8dc29a8,Daniel Theis,NBA,19.63,20.99,10,0.44,3.3300,3.7300,5.0800,2.6300
$50 NBA Daily 8/17,2020-08-17T23:34:03.923907,estk_bf9a2e4cc8dc29a892bc30f31e413420,evt_bf9a2e4cc8dc29a8,Matisse Thybulle,NBA,13.14,18.86,11.5,0.44,2.8800,2.7300,4.4200,1.6300
$50 NBA Daily 8/17,2020-08-17T23:34:03.923918,estk_bf9a2e4cc8dc29a8a1e25447b314f889,evt_bf9a2e4cc8dc29a8,Shake Milton,NBA,16.44,17.21,8,0.44,2.6500,3.1700,3.7700,1.1200
$50 NBA Daily 8/17,2020-08-17T23:34:03.923921,estk_bf9a2e4cc8dc29a8b3147c681557a264,evt_bf9a2e4cc8dc29a8,Josh Richardson,NBA,23.84,17.1,3.75,0.44,2.6000,4.5400,4.6000,1.6000
$50 NBA Daily 8/17,2020-08-17T23:34:03.923925,estk_bf9a2e4cc8dc29a8049fe8ca7bf97ec4,evt_bf9a2e4cc8dc29a8,Marcus Smart,NBA,21.49,14.53,2.5,0.44,2.2700,4.1300,4.3400,1.5100
$50 NBA Daily 8/17,2020-08-17T23:34:03.923928,estk_bf9a2e4cc8dc29a8233a24e71677893c,evt_bf9a2e4cc8dc29a8,Robert Williams,NBA,13.77,14.46,6.75,0.44,2.2700,2.8400,4.0100,1.2000
$50 NBA Daily 8/17,2020-08-17T23:34:03.923932,estk_bf9a2e4cc8dc29a8575ca725abf50fd3,evt_bf9a2e4cc8dc29a8,Alec Burks,NBA,14.24,14.47,6.5,0.44,2.2600,2.8000,4.0600,1.5000
$50 NBA Daily 8/17,2020-08-17T23:36:05.160322,estk_bf9a2e4cc8dc29a87a763361bd2f9a08,evt_bf9a2e4cc8dc29a8,Joel Embiid,NBA,51.78,54.23,25.75,0.45,15.7200,9.3500,17.3500,14.2000
$50 NBA Daily 8/17,2020-08-17T23:36:05.160355,estk_bf9a2e4cc8dc29a8da4bddbbc347c31f,evt_bf9a2e4cc8dc29a8,Jayson Tatum,NBA,35.35,47.69,28.25,0.45,12.5600,7.4800,14.1400,10.4500
$50 NBA Daily 8/17,2020-08-17T23:36:05.160371,estk_bf9a2e4cc8dc29a877c3d3d4d8ad15c5,evt_bf9a2e4cc8dc29a8,Tobias Harris,NBA,31.88,36.53,19,0.45,7.8200,6.5500,9.6200,6.4600
$50 NBA Daily 8/17,2020-08-17T23:36:05.160375,estk_bf9a2e4cc8dc29a84b8c495d9fa8db90,evt_bf9a2e4cc8dc29a8,Jaylen Brown,NBA,29.04,33.72,17.75,0.45,6.7400,5.8000,8.0400,5.3100
$50 NBA Daily 8/17,2020-08-17T23:36:05.160379,estk_bf9a2e4cc8dc29a8f7c5bbc448149f99,evt_bf9a2e4cc8dc29a8,Gordon Hayward,NBA,28.9,30.65,14.75,0.45,5.7700,5.7800,6.4800,3.8300
$50 NBA Daily 8/17,2020-08-17T23:36:05.160395,estk_bf9a2e4cc8dc29a863a58b55849249a4,evt_bf9a2e4cc8dc29a8,Al Horford,NBA,27.79,25.03,9.75,0.45,4.2000,5.4700,5.9400,3.3100
$50 NBA Daily 8/17,2020-08-17T23:36:05.160402,estk_bf9a2e4cc8dc29a8a9edb859d18234d0,evt_bf9a2e4cc8dc29a8,Kemba Walker,NBA,27.97,23.88,8.5,0.45,3.9200,5.5100,5.7300,2.7900
$50 NBA Daily 8/17,2020-08-17T23:36:05.160424,estk_bf9a2e4cc8dc29a8201a5680f9441b5c,evt_bf9a2e4cc8dc29a8,Daniel Theis,NBA,19.63,20.8,10,0.45,3.2500,3.7300,5.0800,2.4600
$50 NBA Daily 8/17,2020-08-17T23:36:05.160439,estk_bf9a2e4cc8dc29a8b3147c681557a264,evt_bf9a2e4cc8dc29a8,Josh Richardson,NBA,23.84,18.86,5.75,0.45,2.8500,4.5400,4.1500,1.6000
$50 NBA Daily 8/17,2020-08-17T23:36:05.160442,estk_bf9a2e4cc8dc29a892bc30f31e413420,evt_bf9a2e4cc8dc29a8,Matisse Thybulle,NBA,13.14,18.73,11.5,0.45,2.8300,2.7300,4.4200,1.6300
$50 NBA Daily 8/17,2020-08-17T23:36:05.160454,estk_bf9a2e4cc8dc29a8a1e25447b314f889,evt_bf9a2e4cc8dc29a8,Shake Milton,NBA,16.44,17.04,8,0.45,2.5700,3.1700,3.7700,1.1200
$50 NBA Daily 8/17,2020-08-17T23:36:05.160457,estk_bf9a2e4cc8dc29a8233a24e71677893c,evt_bf9a2e4cc8dc29a8,Robert Williams,NBA,13.77,15.82,8.25,0.45,2.3800,2.8400,4.0100,1.2000
$50 NBA Daily 8/17,2020-08-17T23:36:05.160461,estk_bf9a2e4cc8dc29a8049fe8ca7bf97ec4,evt_bf9a2e4cc8dc29a8,Marcus Smart,NBA,21.49,14.32,2.5,0.45,2.1800,4.1300,3.8200,1.2000
$50 NBA Daily 8/17,2020-08-17T23:36:05.160465,estk_bf9a2e4cc8dc29a8575ca725abf50fd3,evt_bf9a2e4cc8dc29a8,Alec Burks,NBA,14.24,14.33,6.5,0.45,2.1800,2.8000,4.0600,1.2800
$50 NBA Daily 8/17,2020-08-17T23:37:05.748616,estk_bf9a2e4cc8dc29a87a763361bd2f9a08,evt_bf9a2e4cc8dc29a8,Joel Embiid,NBA,51.78,53.19,25.75,0.47,15.3500,9.3500,17.3500,14.2000
$50 NBA Daily 8/17,2020-08-17T23:37:05.748684,estk_bf9a2e4cc8dc29a8da4bddbbc347c31f,evt_bf9a2e4cc8dc29a8,Jayson Tatum,NBA,35.35,46.99,28.25,0.47,12.4300,7.4800,14.1400,10.4500
$50 NBA Daily 8/17,2020-08-17T23:37:05.748699,estk_bf9a2e4cc8dc29a877c3d3d4d8ad15c5,evt_bf9a2e4cc8dc29a8,Tobias Harris,NBA,31.88,35.9,19,0.47,7.6500,6.5500,9.6200,6.4600
$50 NBA Daily 8/17,2020-08-17T23:37:05.748703,estk_bf9a2e4cc8dc29a84b8c495d9fa8db90,evt_bf9a2e4cc8dc29a8,Jaylen Brown,NBA,29.04,35.14,19.75,0.47,7.3600,5.8000,8.0400,5.3100
$50 NBA Daily 8/17,2020-08-17T23:37:05.748707,estk_bf9a2e4cc8dc29a8f7c5bbc448149f99,evt_bf9a2e4cc8dc29a8,Gordon Hayward,NBA,28.9,31.32,16,0.47,6.0200,5.7800,7.3900,4.1500
$50 NBA Daily 8/17,2020-08-17T23:37:05.748727,estk_bf9a2e4cc8dc29a863a58b55849249a4,evt_bf9a2e4cc8dc29a8,Al Horford,NBA,27.79,24.48,9.75,0.47,4.0100,5.4700,5.9400,3.3100
$50 NBA Daily 8/17,2020-08-17T23:37:05.748734,estk_bf9a2e4cc8dc29a8a9edb859d18234d0,evt_bf9a2e4cc8dc29a8,Kemba Walker,NBA,27.97,23.32,8.5,0.47,3.8000,5.5100,5.7300,2.7900
$50 NBA Daily 8/17,2020-08-17T23:37:05.748760,estk_bf9a2e4cc8dc29a8201a5680f9441b5c,evt_bf9a2e4cc8dc29a8,Daniel Theis,NBA,19.63,20.4,10,0.47,3.1200,3.7300,5.0800,2.4300
$50 NBA Daily 8/17,2020-08-17T23:37:05.748770,estk_bf9a2e4cc8dc29a8b3147c681557a264,evt_bf9a2e4cc8dc29a8,Josh Richardson,NBA,23.84,18.39,5.75,0.47,2.7700,4.5400,4.1500,1.6000
$50 NBA Daily 8/17,2020-08-17T23:37:05.748774,estk_bf9a2e4cc8dc29a892bc30f31e413420,evt_bf9a2e4cc8dc29a8,Matisse Thybulle,NBA,13.14,18.46,11.5,0.47,2.7700,2.7300,4.4200,1.6300
$50 NBA Daily 8/17,2020-08-17T23:37:05.748781,estk_bf9a2e4cc8dc29a8a1e25447b314f889,evt_bf9a2e4cc8dc29a8,Shake Milton,NBA,16.44,16.21,7.5,0.47,2.4400,3.1700,3.7700,1.1200
$50 NBA Daily 8/17,2020-08-17T23:37:05.748785,estk_bf9a2e4cc8dc29a8233a24e71677893c,evt_bf9a2e4cc8dc29a8,Robert Williams,NBA,13.77,15.55,8.25,0.47,2.3400,2.8400,4.0100,1.2000
$50 NBA Daily 8/17,2020-08-17T23:37:05.748789,estk_bf9a2e4cc8dc29a8049fe8ca7bf97ec4,evt_bf9a2e4cc8dc29a8,Marcus Smart,NBA,21.49,13.89,2.5,0.47,2.1300,4.1300,3.8200,1.2000
$50 NBA Daily 8/17,2020-08-17T23:37:05.748793,estk_bf9a2e4cc8dc29a8575ca725abf50fd3,evt_bf9a2e4cc8dc29a8,Alec Burks,NBA,14.24,14.05,6.5,0.47,2.1200,2.8000,4.0600,1.2800
$50 NBA Daily 8/17,2020-08-17T23:38:06.454585,estk_bf9a2e4cc8dc29a87a763361bd2f9a08,evt_bf9a2e4cc8dc29a8,Joel Embiid,NBA,51.78,52.68,25.75,0.48,15.0600,9.3500,17.3500,14.2000
$50 NBA Daily 8/17,2020-08-17T23:38:06.454618,estk_bf9a2e4cc8dc29a8da4bddbbc347c31f,evt_bf9a2e4cc8dc29a8,Jayson Tatum,NBA,35.35,48.63,30.25,0.48,13.1600,7.4800,14.1400,10.4500
$50 NBA Daily 8/17,2020-08-17T23:38:06.454634,estk_bf9a2e4cc8dc29a877c3d3d4d8ad15c5,evt_bf9a2e4cc8dc29a8,Tobias Harris,NBA,31.88,37.08,20.5,0.48,7.9800,6.5500,9.6200,6.4600
$50 NBA Daily 8/17,2020-08-17T23:38:06.454637,estk_bf9a2e4cc8dc29a84b8c495d9fa8db90,evt_bf9a2e4cc8dc29a8,Jaylen Brown,NBA,29.04,34.85,19.75,0.48,7.1000,5.8000,9.0100,5.3100
$50 NBA Daily 8/17,2020-08-17T23:38:06.454641,estk_bf9a2e4cc8dc29a8f7c5bbc448149f99,evt_bf9a2e4cc8dc29a8,Gordon Hayward,NBA,28.9,31.03,16,0.48,5.9100,5.7800,7.3900,4.2900
$50 NBA Daily 8/17,2020-08-17T23:38:06.454661,estk_bf9a2e4cc8dc29a863a58b55849249a4,evt_bf9a2e4cc8dc29a8,Al Horford,NBA,27.79,24.2,9.75,0.48,3.9200,5.4700,5.9400,3.0400
$50 NBA Daily 8/17,2020-08-17T23:38:06.454672,estk_bf9a2e4cc8dc29a8a9edb859d18234d0,evt_bf9a2e4cc8dc29a8,Kemba Walker,NBA,27.97,23.04,8.5,0.48,3.6700,5.5100,5.7300,2.7900
$50 NBA Daily 8/17,2020-08-17T23:38:06.454687,estk_bf9a2e4cc8dc29a8b3147c681557a264,evt_bf9a2e4cc8dc29a8,Josh Richardson,NBA,23.84,21.65,9.25,0.48,3.3500,4.5400,4.1500,1.6000
$50 NBA Daily 8/17,2020-08-17T23:38:06.454698,estk_bf9a2e4cc8dc29a8201a5680f9441b5c,evt_bf9a2e4cc8dc29a8,Daniel Theis,NBA,19.63,20.21,10,0.48,3.0700,3.7300,5.0800,2.3000
$50 NBA Daily 8/17,2020-08-17T23:38:06.454712,estk_bf9a2e4cc8dc29a892bc30f31e413420,evt_bf9a2e4cc8dc29a8,Matisse Thybulle,NBA,13.14,18.33,11.5,0.48,2.6700,2.7300,4.4200,1.6300
$50 NBA Daily 8/17,2020-08-17T23:38:06.454716,estk_bf9a2e4cc8dc29a8a1e25447b314f889,evt_bf9a2e4cc8dc29a8,Shake Milton,NBA,16.44,16.05,7.5,0.48,2.3400,3.1700,3.7700,1.1200
$50 NBA Daily 8/17,2020-08-17T23:38:06.454719,estk_bf9a2e4cc8dc29a8233a24e71677893c,evt_bf9a2e4cc8dc29a8,Robert Williams,NBA,13.77,15.41,8.25,0.48,2.2700,2.8400,4.0100,1.2000
$50 NBA Daily 8/17,2020-08-17T23:38:06.454723,estk_bf9a2e4cc8dc29a8575ca725abf50fd3,evt_bf9a2e4cc8dc29a8,Alec Burks,NBA,14.24,13.9,6.5,0.48,2.0800,2.8000,4.0600,1.2800
$50 NBA Daily 8/17,2020-08-17T23:38:06.454727,estk_bf9a2e4cc8dc29a8049fe8ca7bf97ec4,evt_bf9a2e4cc8dc29a8,Marcus Smart,NBA,21.49,13.67,2.5,0.48,2.0500,4.1300,3.8200,1.2000
$50 NBA Daily 8/17,2020-08-17T23:39:07.092485,estk_bf9a2e4cc8dc29a87a763361bd2f9a08,evt_bf9a2e4cc8dc29a8,Joel Embiid,NBA,51.78,51.64,25.75,0.5,14.6000,9.3500,17.3500,13.9400
$50 NBA Daily 8/17,2020-08-17T23:39:07.092521,estk_bf9a2e4cc8dc29a8da4bddbbc347c31f,evt_bf9a2e4cc8dc29a8,Jayson Tatum,NBA,35.35,48.67,31,0.5,13.1900,7.4800,14.9200,11.4000
$50 NBA Daily 8/17,2020-08-17T23:39:07.092536,estk_bf9a2e4cc8dc29a877c3d3d4d8ad15c5,evt_bf9a2e4cc8dc29a8,Tobias Harris,NBA,31.88,39.19,23.25,0.5,8.9300,6.5500,9.6200,7.2500
$50 NBA Daily 8/17,2020-08-17T23:39:07.092540,estk_bf9a2e4cc8dc29a84b8c495d9fa8db90,evt_bf9a2e4cc8dc29a8,Jaylen Brown,NBA,29.04,34.27,19.75,0.5,6.9600,5.8000,9.0100,5.4600
$50 NBA Daily 8/17,2020-08-17T23:39:07.092544,estk_bf9a2e4cc8dc29a8f7c5bbc448149f99,evt_bf9a2e4cc8dc29a8,Gordon Hayward,NBA,28.9,30.45,16,0.5,5.6300,5.7800,7.3900,4.2900
$50 NBA Daily 8/17,2020-08-17T23:39:07.092567,estk_bf9a2e4cc8dc29a863a58b55849249a4,evt_bf9a2e4cc8dc29a8,Al Horford,NBA,27.79,23.64,9.75,0.5,3.7600,5.4700,5.9400,3.0400
$50 NBA Daily 8/17,2020-08-17T23:39:07.092574,estk_bf9a2e4cc8dc29a8b3147c681557a264,evt_bf9a2e4cc8dc29a8,Josh Richardson,NBA,23.84,23.17,11.25,0.5,3.6300,4.5400,4.6000,1.7800
$50 NBA Daily 8/17,2020-08-17T23:39:07.092586,estk_bf9a2e4cc8dc29a8a9edb859d18234d0,evt_bf9a2e4cc8dc29a8,Kemba Walker,NBA,27.97,22.48,8.5,0.5,3.5000,5.5100,5.7300,2.7900
$50 NBA Daily 8/17,2020-08-17T23:39:07.092603,estk_bf9a2e4cc8dc29a8201a5680f9441b5c,evt_bf9a2e4cc8dc29a8,Daniel Theis,NBA,19.63,19.81,10,0.5,2.9500,3.7300,5.0800,2.1600
$50 NBA Daily 8/17,2020-08-17T23:39:07.092614,estk_bf9a2e4cc8dc29a892bc30f31e413420,evt_bf9a2e4cc8dc29a8,Matisse Thybulle,NBA,13.14,17.57,11,0.5,2.5700,2.7300,4.4200,1.6300
$50 NBA Daily 8/17,2020-08-17T23:39:07.092658,estk_bf9a2e4cc8dc29a8a1e25447b314f889,evt_bf9a2e4cc8dc29a8,Shake Milton,NBA,16.44,15.72,7.5,0.5,2.2800,3.1700,3.7700,1.1200
$50 NBA Daily 8/17,2020-08-17T23:39:07.092664,estk_bf9a2e4cc8dc29a8233a24e71677893c,evt_bf9a2e4cc8dc29a8,Robert Williams,NBA,13.77,15.13,8.25,0.5,2.1900,2.8400,4.0100,1.2000
$50 NBA Daily 8/17,2020-08-17T23:39:07.092668,estk_bf9a2e4cc8dc29a8575ca725abf50fd3,evt_bf9a2e4cc8dc29a8,Alec Burks,NBA,14.24,13.62,6.5,0.5,2.0000,2.8000,4.0600,1.2800
$50 NBA Daily 8/17,2020-08-17T23:39:07.092672,estk_bf9a2e4cc8dc29a8049fe8ca7bf97ec4,evt_bf9a2e4cc8dc29a8,Marcus Smart,NBA,21.49,13.24,2.5,0.5,1.9300,4.1300,3.8200,1.2000
$50 NBA Daily 8/17,2020-08-17T23:55:48.159231,estk_bf9a2e4cc8dc29a87a763361bd2f9a08,evt_bf9a2e4cc8dc29a8,Joel Embiid,NBA,51.78,50.6,25.75,0.52,14.6500,9.3500,16.3900,13.2600
$50 NBA Daily 8/17,2020-08-17T23:55:48.159265,estk_bf9a2e4cc8dc29a8da4bddbbc347c31f,evt_bf9a2e4cc8dc29a8,Jayson Tatum,NBA,35.35,49.97,33,0.52,13.2900,7.4800,14.9200,11.4300
$50 NBA Daily 8/17,2020-08-17T23:55:48.159280,estk_bf9a2e4cc8dc29a877c3d3d4d8ad15c5,evt_bf9a2e4cc8dc29a8,Tobias Harris,NBA,31.88,38.55,23.25,0.52,8.8700,6.5500,10.6100,7.2500
$50 NBA Daily 8/17,2020-08-17T23:55:48.159284,estk_bf9a2e4cc8dc29a84b8c495d9fa8db90,evt_bf9a2e4cc8dc29a8,Jaylen Brown,NBA,29.04,35.19,21.25,0.52,6.9500,5.8000,9.0100,5.4600
$50 NBA Daily 8/17,2020-08-17T23:55:48.159288,estk_bf9a2e4cc8dc29a8f7c5bbc448149f99,evt_bf9a2e4cc8dc29a8,Gordon Hayward,NBA,28.9,29.87,16,0.52,5.6300,5.7800,7.3900,4.2900
$50 NBA Daily 8/17,2020-08-17T23:55:48.159310,estk_bf9a2e4cc8dc29a8b3147c681557a264,evt_bf9a2e4cc8dc29a8,Josh Richardson,NBA,23.84,23.69,12.25,0.52,3.8600,4.5400,5.2000,2.2700
$50 NBA Daily 8/17,2020-08-17T23:55:48.159314,estk_bf9a2e4cc8dc29a863a58b55849249a4,evt_bf9a2e4cc8dc29a8,Al Horford,NBA,27.79,23.09,9.75,0.52,3.7900,5.4700,5.3400,2.7600
$50 NBA Daily 8/17,2020-08-17T23:55:48.159331,estk_bf9a2e4cc8dc29a8a9edb859d18234d0,evt_bf9a2e4cc8dc29a8,Kemba Walker,NBA,27.97,21.43,8,0.52,3.2900,5.5100,5.0700,2.4200
$50 NBA Daily 8/17,2020-08-17T23:55:48.159346,estk_bf9a2e4cc8dc29a8201a5680f9441b5c,evt_bf9a2e4cc8dc29a8,Daniel Theis,NBA,19.63,19.42,10,0.52,2.9600,3.7300,4.5100,2.0400
$50 NBA Daily 8/17,2020-08-17T23:55:48.159356,estk_bf9a2e4cc8dc29a892bc30f31e413420,evt_bf9a2e4cc8dc29a8,Matisse Thybulle,NBA,13.14,17.31,11,0.52,2.5500,2.7300,4.4200,1.6300
$50 NBA Daily 8/17,2020-08-17T23:55:48.159360,estk_bf9a2e4cc8dc29a8a1e25447b314f889,evt_bf9a2e4cc8dc29a8,Shake Milton,NBA,16.44,15.39,7.5,0.52,2.2800,3.1700,3.7700,1.1200
$50 NBA Daily 8/17,2020-08-17T23:55:48.159363,estk_bf9a2e4cc8dc29a8233a24e71677893c,evt_bf9a2e4cc8dc29a8,Robert Williams,NBA,13.77,14.86,8.25,0.52,2.2200,2.8400,4.0100,1.2000
$50 NBA Daily 8/17,2020-08-17T23:55:48.159367,estk_bf9a2e4cc8dc29a8575ca725abf50fd3,evt_bf9a2e4cc8dc29a8,Alec Burks,NBA,14.24,13.34,6.5,0.52,2.0100,2.8000,3.5400,1.1900
$50 NBA Daily 8/17,2020-08-17T23:55:48.159371,estk_bf9a2e4cc8dc29a8049fe8ca7bf97ec4,evt_bf9a2e4cc8dc29a8,Marcus Smart,NBA,21.49,12.82,2.5,0.52,1.9600,4.1300,3.8200,1.0100
$50 NBA Daily 8/17,2020-08-17T23:56:48.876677,estk_bf9a2e4cc8dc29a87a763361bd2f9a08,evt_bf9a2e4cc8dc29a8,Joel Embiid,NBA,51.78,53.57,29.75,0.54,14.2000,9.3500,16.3900,12.4200
$50 NBA Daily 8/17,2020-08-17T23:56:48.876714,estk_bf9a2e4cc8dc29a8da4bddbbc347c31f,evt_bf9a2e4cc8dc29a8,Jayson Tatum,NBA,35.35,49.26,33,0.54,13.8900,7.4800,15.6700,12.4200
$50 NBA Daily 8/17,2020-08-17T23:56:48.876730,estk_bf9a2e4cc8dc29a877c3d3d4d8ad15c5,evt_bf9a2e4cc8dc29a8,Tobias Harris,NBA,31.88,37.41,22.75,0.54,8.5900,6.5500,10.6100,7.2500
$50 NBA Daily 8/17,2020-08-17T23:56:48.876733,estk_bf9a2e4cc8dc29a84b8c495d9fa8db90,evt_bf9a2e4cc8dc29a8,Jaylen Brown,NBA,29.04,38.86,25.5,0.54,7.2600,5.8000,9.0100,5.6100
$50 NBA Daily 8/17,2020-08-17T23:56:48.876737,estk_bf9a2e4cc8dc29a8f7c5bbc448149f99,evt_bf9a2e4cc8dc29a8,Gordon Hayward,NBA,28.9,31.29,18,0.54,5.4700,5.7800,7.3900,4.2900
$50 NBA Daily 8/17,2020-08-17T23:56:48.876763,estk_bf9a2e4cc8dc29a8b3147c681557a264,evt_bf9a2e4cc8dc29a8,Josh Richardson,NBA,23.84,22.72,11.75,0.54,3.7600,4.5400,5.2000,2.2700
$50 NBA Daily 8/17,2020-08-17T23:56:48.876767,estk_bf9a2e4cc8dc29a863a58b55849249a4,evt_bf9a2e4cc8dc29a8,Al Horford,NBA,27.79,24.03,11.25,0.54,3.6300,5.4700,5.3400,2.7600
$50 NBA Daily 8/17,2020-08-17T23:56:48.876782,estk_bf9a2e4cc8dc29a8a9edb859d18234d0,evt_bf9a2e4cc8dc29a8,Kemba Walker,NBA,27.97,22.37,9.5,0.54,3.2500,5.5100,5.0700,2.4200
$50 NBA Daily 8/17,2020-08-17T23:56:48.876796,estk_bf9a2e4cc8dc29a8201a5680f9441b5c,evt_bf9a2e4cc8dc29a8,Daniel Theis,NBA,19.63,20.28,11.25,0.54,2.8700,3.7300,4.5100,2.0400
$50 NBA Daily 8/17,2020-08-17T23:56:48.876807,estk_bf9a2e4cc8dc29a892bc30f31e413420,evt_bf9a2e4cc8dc29a8,Matisse Thybulle,NBA,13.14,17.04,11,0.54,2.5200,2.7300,4.4200,1.6300
$50 NBA Daily 8/17,2020-08-17T23:56:48.876810,estk_bf9a2e4cc8dc29a8a1e25447b314f889,evt_bf9a2e4cc8dc29a8,Shake Milton,NBA,16.44,20.06,12.5,0.54,2.2200,3.1700,3.7700,1.1200
$50 NBA Daily 8/17,2020-08-17T23:56:48.876814,estk_bf9a2e4cc8dc29a8233a24e71677893c,evt_bf9a2e4cc8dc29a8,Robert Williams,NBA,13.77,14.58,8.25,0.54,2.1500,2.8400,4.0100,1.2000
$50 NBA Daily 8/17,2020-08-17T23:56:48.876818,estk_bf9a2e4cc8dc29a8575ca725abf50fd3,evt_bf9a2e4cc8dc29a8,Alec Burks,NBA,14.24,13.05,6.5,0.54,1.9400,2.8000,3.5400,1.1500
$50 NBA Daily 8/17,2020-08-17T23:56:48.876822,estk_bf9a2e4cc8dc29a8049fe8ca7bf97ec4,evt_bf9a2e4cc8dc29a8,Marcus Smart,NBA,21.49,12.39,2.5,0.54,1.9000,4.1300,3.8200,1.0100
$50 NBA Daily 8/17,2020-08-17T23:57:49.515937,estk_bf9a2e4cc8dc29a87a763361bd2f9a08,evt_bf9a2e4cc8dc29a8,Joel Embiid,NBA,51.78,52.03,29.25,0.56,15.5100,9.3500,17.3200,13.7000
$50 NBA Daily 8/17,2020-08-17T23:57:49.515971,estk_bf9a2e4cc8dc29a8da4bddbbc347c31f,evt_bf9a2e4cc8dc29a8,Jayson Tatum,NBA,35.35,49.3,33.75,0.56,13.2500,7.4800,15.0200,12.1100
$50 NBA Daily 8/17,2020-08-17T23:57:49.515994,estk_bf9a2e4cc8dc29a84b8c495d9fa8db90,evt_bf9a2e4cc8dc29a8,Jaylen Brown,NBA,29.04,38.28,25.5,0.56,8.5600,10.2300,10.2300,6.8900
$50 NBA Daily 8/17,2020-08-17T23:57:49.515998,estk_bf9a2e4cc8dc29a877c3d3d4d8ad15c5,evt_bf9a2e4cc8dc29a8,Tobias Harris,NBA,31.88,36.78,22.75,0.56,7.9400,6.5500,9.6000,6.9200
$50 NBA Daily 8/17,2020-08-17T23:57:49.516001,estk_bf9a2e4cc8dc29a8f7c5bbc448149f99,evt_bf9a2e4cc8dc29a8,Gordon Hayward,NBA,28.9,30.72,18,0.56,5.7100,5.7800,7.3900,4.2900
$50 NBA Daily 8/17,2020-08-17T23:57:49.516024,estk_bf9a2e4cc8dc29a863a58b55849249a4,evt_bf9a2e4cc8dc29a8,Al Horford,NBA,27.79,24.73,12.5,0.56,3.7500,5.4700,5.3400,2.7600
$50 NBA Daily 8/17,2020-08-17T23:57:49.516042,estk_bf9a2e4cc8dc29a8b3147c681557a264,evt_bf9a2e4cc8dc29a8,Josh Richardson,NBA,23.84,22.24,11.75,0.56,3.3700,4.5400,5.2000,2.2700
$50 NBA Daily 8/17,2020-08-17T23:57:49.516046,estk_bf9a2e4cc8dc29a8a9edb859d18234d0,evt_bf9a2e4cc8dc29a8,Kemba Walker,NBA,27.97,21.81,9.5,0.56,3.3000,5.5100,5.0700,2.4200
$50 NBA Daily 8/17,2020-08-17T23:57:49.516060,estk_bf9a2e4cc8dc29a8201a5680f9441b5c,evt_bf9a2e4cc8dc29a8,Daniel Theis,NBA,19.63,19.89,11.25,0.56,2.9200,3.7300,4.5100,2.0400
$50 NBA Daily 8/17,2020-08-17T23:57:49.516064,estk_bf9a2e4cc8dc29a8a1e25447b314f889,evt_bf9a2e4cc8dc29a8,Shake Milton,NBA,16.44,19.73,12.5,0.56,2.8800,3.1700,4.4400,1.3200
$50 NBA Daily 8/17,2020-08-17T23:57:49.516075,estk_bf9a2e4cc8dc29a892bc30f31e413420,evt_bf9a2e4cc8dc29a8,Matisse Thybulle,NBA,13.14,16.78,11,0.56,2.3600,3.9100,3.9100,1.4800
$50 NBA Daily 8/17,2020-08-17T23:57:49.516078,estk_bf9a2e4cc8dc29a8233a24e71677893c,evt_bf9a2e4cc8dc29a8,Robert Williams,NBA,13.77,14.31,8.25,0.56,2.0200,2.8400,4.0100,1.2000
$50 NBA Daily 8/17,2020-08-17T23:57:49.516082,estk_bf9a2e4cc8dc29a8575ca725abf50fd3,evt_bf9a2e4cc8dc29a8,Alec Burks,NBA,14.24,12.77,6.5,0.56,1.8500,2.8000,3.5400,1.0100
$50 NBA Daily 8/17,2020-08-17T23:57:49.516086,estk_bf9a2e4cc8dc29a8049fe8ca7bf97ec4,evt_bf9a2e4cc8dc29a8,Marcus Smart,NBA,21.49,11.96,2.5,0.56,1.7900,4.1300,3.8200,
$50 NBA Daily 8/17,2020-08-17T23:58:50.199206,estk_bf9a2e4cc8dc29a87a763361bd2f9a08,evt_bf9a2e4cc8dc29a8,Joel Embiid,NBA,51.78,52.77,30.5,0.57,14.9500,9.3500,16.7500,13.7000
$50 NBA Daily 8/17,2020-08-17T23:58:50.199243,estk_bf9a2e4cc8dc29a8da4bddbbc347c31f,evt_bf9a2e4cc8dc29a8,Jayson Tatum,NBA,35.35,50.95,35.75,0.57,13.5000,7.4800,15.0200,12.1100
$50 NBA Daily 8/17,2020-08-17T23:58:50.199258,estk_bf9a2e4cc8dc29a84b8c495d9fa8db90,evt_bf9a2e4cc8dc29a8,Jaylen Brown,NBA,29.04,40.24,27.75,0.57,8.4200,10.2300,10.2300,6.8900
$50 NBA Daily 8/17,2020-08-17T23:58:50.199262,estk_bf9a2e4cc8dc29a877c3d3d4d8ad15c5,evt_bf9a2e4cc8dc29a8,Tobias Harris,NBA,31.88,35.96,22.25,0.57,7.8800,6.5500,9.6000,6.9200
$50 NBA Daily 8/17,2020-08-17T23:58:50.199266,estk_bf9a2e4cc8dc29a8f7c5bbc448149f99,evt_bf9a2e4cc8dc29a8,Gordon Hayward,NBA,28.9,30.43,18,0.57,5.5700,5.7800,7.3900,4.2900
$50 NBA Daily 8/17,2020-08-17T23:58:50.199288,estk_bf9a2e4cc8dc29a863a58b55849249a4,evt_bf9a2e4cc8dc29a8,Al Horford,NBA,27.79,26.45,14.5,0.57,3.8700,5.4700,5.3400,2.7600
$50 NBA Daily 8/17,2020-08-17T23:58:50.199306,estk_bf9a2e4cc8dc29a8b3147c681557a264,evt_bf9a2e4cc8dc29a8,Josh Richardson,NBA,23.84,22,11.75,0.57,3.3000,4.5400,4.8700,2.2700
$50 NBA Daily 8/17,2020-08-17T23:58:50.199310,estk_bf9a2e4cc8dc29a8a9edb859d18234d0,evt_bf9a2e4cc8dc29a8,Kemba Walker,NBA,27.97,21.53,9.5,0.57,3.2100,5.5100,5.0700,2.1000
$50 NBA Daily 8/17,2020-08-17T23:58:50.199324,estk_bf9a2e4cc8dc29a8201a5680f9441b5c,evt_bf9a2e4cc8dc29a8,Daniel Theis,NBA,19.63,19.69,11.25,0.57,2.8400,3.7300,4.5100,1.9400
$50 NBA Daily 8/17,2020-08-17T23:58:50.199332,estk_bf9a2e4cc8dc29a8a1e25447b314f889,evt_bf9a2e4cc8dc29a8,Shake Milton,NBA,16.44,19.57,12.5,0.57,2.8000,3.1700,4.4400,1.3200
$50 NBA Daily 8/17,2020-08-17T23:58:50.199339,estk_bf9a2e4cc8dc29a892bc30f31e413420,evt_bf9a2e4cc8dc29a8,Matisse Thybulle,NBA,13.14,16.65,11,0.57,2.2900,3.9100,3.9100,1.4800
$50 NBA Daily 8/17,2020-08-17T23:58:50.199342,estk_bf9a2e4cc8dc29a8233a24e71677893c,evt_bf9a2e4cc8dc29a8,Robert Williams,NBA,13.77,14.17,8.25,0.57,2.0100,2.8400,4.0100,1.2000
$50 NBA Daily 8/17,2020-08-17T23:58:50.199346,estk_bf9a2e4cc8dc29a8575ca725abf50fd3,evt_bf9a2e4cc8dc29a8,Alec Burks,NBA,14.24,12.62,6.5,0.57,1.8200,2.8000,3.5400,1.0100
$50 NBA Daily 8/17,2020-08-17T23:58:50.199350,estk_bf9a2e4cc8dc29a8049fe8ca7bf97ec4,evt_bf9a2e4cc8dc29a8,Marcus Smart,NBA,21.49,11.74,2.5,0.57,1.7300,4.1300,3.2600,
$50 NBA Daily 8/17,2020-08-17T23:59:50.904394,estk_bf9a2e4cc8dc29a87a763361bd2f9a08,evt_bf9a2e4cc8dc29a8,Joel Embiid,NBA,51.78,53.25,31.5,0.58,15.0100,9.3500,16.7500,13.7000
$50 NBA Daily 8/17,2020-08-17T23:59:50.904423,estk_bf9a2e4cc8dc29a8da4bddbbc347c31f,evt_bf9a2e4cc8dc29a8,Jayson Tatum,NBA,35.35,50.6,35.75,0.58,14.2000,7.4800,15.9800,12.4200
$50 NBA Daily 8/17,2020-08-17T23:59:50.904444,estk_bf9a2e4cc8dc29a84b8c495d9fa8db90,evt_bf9a2e4cc8dc29a8,Jaylen Brown,NBA,29.04,41.95,29.75,0.58,9.0700,10.2300,10.7500,7.3900
$50 NBA Daily 8/17,2020-08-17T23:59:50.904448,estk_bf9a2e4cc8dc29a877c3d3d4d8ad15c5,evt_bf9a2e4cc8dc29a8,Tobias Harris,NBA,31.88,35.64,22.25,0.58,7.3900,6.5500,9.0400,6.2800
$50 NBA Daily 8/17,2020-08-17T23:59:50.904452,estk_bf9a2e4cc8dc29a8f7c5bbc448149f99,evt_bf9a2e4cc8dc29a8,Gordon Hayward,NBA,28.9,30.14,18,0.58,5.3400,5.7800,7.3900,4.2900
$50 NBA Daily 8/17,2020-08-17T23:59:50.904467,estk_bf9a2e4cc8dc29a863a58b55849249a4,evt_bf9a2e4cc8dc29a8,Al Horford,NBA,27.79,25.67,14,0.58,4.2900,5.4700,5.8800,2.7600
$50 NBA Daily 8/17,2020-08-17T23:59:50.904493,estk_bf9a2e4cc8dc29a8b3147c681557a264,evt_bf9a2e4cc8dc29a8,Josh Richardson,NBA,23.84,21.76,11.75,0.58,3.2200,4.5400,4.8700,2.2700
$50 NBA Daily 8/17,2020-08-17T23:59:50.904500,estk_bf9a2e4cc8dc29a8a9edb859d18234d0,evt_bf9a2e4cc8dc29a8,Kemba Walker,NBA,27.97,22.75,11,0.58,3.1500,5.5100,5.0700,2.1000
$50 NBA Daily 8/17,2020-08-17T23:59:50.904514,estk_bf9a2e4cc8dc29a8201a5680f9441b5c,evt_bf9a2e4cc8dc29a8,Daniel Theis,NBA,19.63,19.49,11.25,0.58,2.7500,3.7300,4.5100,1.9400
$50 NBA Daily 8/17,2020-08-17T23:59:50.904518,estk_bf9a2e4cc8dc29a8a1e25447b314f889,evt_bf9a2e4cc8dc29a8,Shake Milton,NBA,16.44,22.9,16,0.58,2.7000,3.1700,4.4400,1.3200
$50 NBA Daily 8/17,2020-08-17T23:59:50.904525,estk_bf9a2e4cc8dc29a892bc30f31e413420,evt_bf9a2e4cc8dc29a8,Matisse Thybulle,NBA,13.14,16.52,11,0.58,2.2700,3.9100,3.9100,1.3200
$50 NBA Daily 8/17,2020-08-17T23:59:50.904529,estk_bf9a2e4cc8dc29a8233a24e71677893c,evt_bf9a2e4cc8dc29a8,Robert Williams,NBA,13.77,14.03,8.25,0.58,1.9300,2.8400,3.4700,
$50 NBA Daily 8/17,2020-08-17T23:59:50.904533,estk_bf9a2e4cc8dc29a8575ca725abf50fd3,evt_bf9a2e4cc8dc29a8,Alec Burks,NBA,14.24,12.48,6.5,0.58,1.7700,2.8000,3.5400,
$50 NBA Daily 8/17,2020-08-17T23:59:50.904537,estk_bf9a2e4cc8dc29a8049fe8ca7bf97ec4,evt_bf9a2e4cc8dc29a8,Marcus Smart,NBA,21.49,11.53,2.5,0.58,1.7200,4.1300,3.2600,
$50 NBA Daily 8/17,2020-08-18T00:01:52.196090,estk_bf9a2e4cc8dc29a87a763361bd2f9a08,evt_bf9a2e4cc8dc29a8,Joel Embiid,NBA,51.78,53.94,33.75,0.61,15.6400,9.3500,17.4500,13.7000
$50 NBA Daily 8/17,2020-08-18T00:01:52.196124,estk_bf9a2e4cc8dc29a8da4bddbbc347c31f,evt_bf9a2e4cc8dc29a8,Jayson Tatum,NBA,35.35,51.54,37.75,0.61,13.8500,7.4800,15.9800,12.4200
$50 NBA Daily 8/17,2020-08-18T00:01:52.196139,estk_bf9a2e4cc8dc29a84b8c495d9fa8db90,evt_bf9a2e4cc8dc29a8,Jaylen Brown,NBA,29.04,39.58,28.25,0.61,9.7800,10.2300,11.4800,7.3900
$50 NBA Daily 8/17,2020-08-18T00:01:52.196143,estk_bf9a2e4cc8dc29a877c3d3d4d8ad15c5,evt_bf9a2e4cc8dc29a8,Tobias Harris,NBA,31.88,34.68,22.25,0.61,7.1200,6.5500,9.0400,5.7400
$50 NBA Daily 8/17,2020-08-18T00:01:52.196147,estk_bf9a2e4cc8dc29a8f7c5bbc448149f99,evt_bf9a2e4cc8dc29a8,Gordon Hayward,NBA,28.9,29.27,18,0.61,5.2900,5.7800,7.3900,4.2900
$50 NBA Daily 8/17,2020-08-18T00:01:52.196167,estk_bf9a2e4cc8dc29a863a58b55849249a4,evt_bf9a2e4cc8dc29a8,Al Horford,NBA,27.79,24.34,13.5,0.61,4.0200,5.4700,5.8800,2.7600
$50 NBA Daily 8/17,2020-08-18T00:01:52.196189,estk_bf9a2e4cc8dc29a8a1e25447b314f889,evt_bf9a2e4cc8dc29a8,Shake Milton,NBA,16.44,22.41,16,0.61,3.3500,3.1700,4.4400,1.7800
$50 NBA Daily 8/17,2020-08-18T00:01:52.196193,estk_bf9a2e4cc8dc29a8a9edb859d18234d0,evt_bf9a2e4cc8dc29a8,Kemba Walker,NBA,27.97,23.41,12.5,0.61,3.3200,5.5100,5.0700,2.1000
$50 NBA Daily 8/17,2020-08-18T00:01:52.196203,estk_bf9a2e4cc8dc29a8b3147c681557a264,evt_bf9a2e4cc8dc29a8,Josh Richardson,NBA,23.84,20.55,11.25,0.61,3.1000,4.5400,4.6600,2.2700
$50 NBA Daily 8/17,2020-08-18T00:01:52.196218,estk_bf9a2e4cc8dc29a8201a5680f9441b5c,evt_bf9a2e4cc8dc29a8,Daniel Theis,NBA,19.63,18.91,11.25,0.61,2.6800,3.7300,4.5100,1.7600
$50 NBA Daily 8/17,2020-08-18T00:01:52.196222,estk_bf9a2e4cc8dc29a892bc30f31e413420,evt_bf9a2e4cc8dc29a8,Matisse Thybulle,NBA,13.14,16.12,11,0.61,2.2000,3.9100,3.9100,1.3200
$50 NBA Daily 8/17,2020-08-18T00:01:52.196226,estk_bf9a2e4cc8dc29a8233a24e71677893c,evt_bf9a2e4cc8dc29a8,Robert Williams,NBA,13.77,13.62,8.25,0.61,1.8900,2.8400,3.4700,
$50 NBA Daily 8/17,2020-08-18T00:01:52.196229,estk_bf9a2e4cc8dc29a8575ca725abf50fd3,evt_bf9a2e4cc8dc29a8,Alec Burks,NBA,14.24,12.05,6.5,0.61,1.7400,2.8000,3.5400,
$50 NBA Daily 8/17,2020-08-18T00:01:52.196233,estk_bf9a2e4cc8dc29a8049fe8ca7bf97ec4,evt_bf9a2e4cc8dc29a8,Marcus Smart,NBA,21.49,10.88,2.5,0.61,1.6400,4.1300,3.2600,
$50 NBA Daily 8/17,2020-08-18T00:06:55.639470,estk_bf9a2e4cc8dc29a87a763361bd2f9a08,evt_bf9a2e4cc8dc29a8,Joel Embiid,NBA,51.78,52.93,33.25,0.62,15.7400,9.3500,17.4500,13.8800
$50 NBA Daily 8/17,2020-08-18T00:06:55.639499,estk_bf9a2e4cc8dc29a8da4bddbbc347c31f,evt_bf9a2e4cc8dc29a8,Jayson Tatum,NBA,35.35,52.18,38.75,0.62,14.6000,7.4800,15.9800,12.4200
$50 NBA Daily 8/17,2020-08-18T00:06:55.639519,estk_bf9a2e4cc8dc29a84b8c495d9fa8db90,evt_bf9a2e4cc8dc29a8,Jaylen Brown,NBA,29.04,39.29,28.25,0.62,8.8800,10.2300,10.5500,7.3900
$50 NBA Daily 8/17,2020-08-18T00:06:55.639523,estk_bf9a2e4cc8dc29a877c3d3d4d8ad15c5,evt_bf9a2e4cc8dc29a8,Tobias Harris,NBA,31.88,34.36,22.25,0.62,6.9800,6.5500,8.5300,5.7400
$50 NBA Daily 8/17,2020-08-18T00:06:55.639527,estk_bf9a2e4cc8dc29a8f7c5bbc448149f99,evt_bf9a2e4cc8dc29a8,Gordon Hayward,NBA,28.9,30.98,20,0.62,5.1000,5.7800,6.7100,4.1000
$50 NBA Daily 8/17,2020-08-18T00:06:55.639548,estk_bf9a2e4cc8dc29a863a58b55849249a4,evt_bf9a2e4cc8dc29a8,Al Horford,NBA,27.79,24.06,13.5,0.62,3.7300,5.4700,5.3300,2.7600
$50 NBA Daily 8/17,2020-08-18T00:06:55.639559,estk_bf9a2e4cc8dc29a8a9edb859d18234d0,evt_bf9a2e4cc8dc29a8,Kemba Walker,NBA,27.97,23.13,12.5,0.62,3.4900,5.5100,5.0700,2.1000
$50 NBA Daily 8/17,2020-08-18T00:06:55.639570,estk_bf9a2e4cc8dc29a8a1e25447b314f889,evt_bf9a2e4cc8dc29a8,Shake Milton,NBA,16.44,22.25,16,0.62,3.2700,3.1700,4.4400,1.7800
$50 NBA Daily 8/17,2020-08-18T00:06:55.639584,estk_bf9a2e4cc8dc29a8b3147c681557a264,evt_bf9a2e4cc8dc29a8,Josh Richardson,NBA,23.84,20.31,11.25,0.62,2.8800,4.5400,4.4400,2.0600
$50 NBA Daily 8/17,2020-08-18T00:06:55.639595,estk_bf9a2e4cc8dc29a8201a5680f9441b5c,evt_bf9a2e4cc8dc29a8,Daniel Theis,NBA,19.63,21.96,14.5,0.62,2.6200,3.7300,4.5100,1.5100
$50 NBA Daily 8/17,2020-08-18T00:06:55.639598,estk_bf9a2e4cc8dc29a892bc30f31e413420,evt_bf9a2e4cc8dc29a8,Matisse Thybulle,NBA,13.14,15.99,11,0.62,2.1500,3.9100,3.9100,1.3200
$50 NBA Daily 8/17,2020-08-18T00:06:55.639602,estk_bf9a2e4cc8dc29a8233a24e71677893c,evt_bf9a2e4cc8dc29a8,Robert Williams,NBA,13.77,13.48,8.25,0.62,1.8400,2.8400,3.4700,
$50 NBA Daily 8/17,2020-08-18T00:06:55.639606,estk_bf9a2e4cc8dc29a8575ca725abf50fd3,evt_bf9a2e4cc8dc29a8,Alec Burks,NBA,14.24,11.91,6.5,0.62,1.6800,2.8000,3.5400,
$50 NBA Daily 8/17,2020-08-18T00:06:55.639610,estk_bf9a2e4cc8dc29a8049fe8ca7bf97ec4,evt_bf9a2e4cc8dc29a8,Marcus Smart,NBA,21.49,10.67,2.5,0.62,1.5600,4.1300,3.2600,
$50 NBA Daily 8/17,2020-08-18T00:08:56.911895,estk_bf9a2e4cc8dc29a87a763361bd2f9a08,evt_bf9a2e4cc8dc29a8,Joel Embiid,NBA,51.78,51.37,33.25,0.65,15.1900,9.3500,17.4500,13.8800
$50 NBA Daily 8/17,2020-08-18T00:08:56.911926,estk_bf9a2e4cc8dc29a8da4bddbbc347c31f,evt_bf9a2e4cc8dc29a8,Jayson Tatum,NBA,35.35,51.87,39.5,0.65,14.7700,7.4800,16.6700,12.4200
$50 NBA Daily 8/17,2020-08-18T00:08:56.911947,estk_bf9a2e4cc8dc29a84b8c495d9fa8db90,evt_bf9a2e4cc8dc29a8,Jaylen Brown,NBA,29.04,38.41,28.25,0.65,8.6300,10.2300,10.5500,7.3900
$50 NBA Daily 8/17,2020-08-18T00:08:56.911951,estk_bf9a2e4cc8dc29a877c3d3d4d8ad15c5,evt_bf9a2e4cc8dc29a8,Tobias Harris,NBA,31.88,40.41,29.25,0.65,7.7900,6.5500,9.4500,5.7400
$50 NBA Daily 8/17,2020-08-18T00:08:56.911955,estk_bf9a2e4cc8dc29a8f7c5bbc448149f99,evt_bf9a2e4cc8dc29a8,Gordon Hayward,NBA,28.9,29.61,19.5,0.65,5.3400,5.7800,7.2900,4.1000
$50 NBA Daily 8/17,2020-08-18T00:08:56.911982,estk_bf9a2e4cc8dc29a863a58b55849249a4,evt_bf9a2e4cc8dc29a8,Al Horford,NBA,27.79,23.23,13.5,0.65,3.5900,5.4700,5.3300,2.7600
$50 NBA Daily 8/17,2020-08-18T00:08:56.911996,estk_bf9a2e4cc8dc29a8a9edb859d18234d0,evt_bf9a2e4cc8dc29a8,Kemba Walker,NBA,27.97,22.29,12.5,0.65,3.3500,5.5100,5.0700,2.1000
$50 NBA Daily 8/17,2020-08-18T00:08:56.912000,estk_bf9a2e4cc8dc29a8a1e25447b314f889,evt_bf9a2e4cc8dc29a8,Shake Milton,NBA,16.44,21.75,16,0.65,3.1700,3.1700,4.4400,1.7800
$50 NBA Daily 8/17,2020-08-18T00:08:56.912011,estk_bf9a2e4cc8dc29a8201a5680f9441b5c,evt_bf9a2e4cc8dc29a8,Daniel Theis,NBA,19.63,21.37,14.5,0.65,3.0900,3.7300,4.5100,1.5800
$50 NBA Daily 8/17,2020-08-18T00:08:56.912022,estk_bf9a2e4cc8dc29a8b3147c681557a264,evt_bf9a2e4cc8dc29a8,Josh Richardson,NBA,23.84,19.59,11.25,0.65,2.7500,4.5400,4.3300,1.8000
$50 NBA Daily 8/17,2020-08-18T00:08:56.912029,estk_bf9a2e4cc8dc29a892bc30f31e413420,evt_bf9a2e4cc8dc29a8,Matisse Thybulle,NBA,13.14,18.35,13.75,0.65,2.5100,3.9100,3.9100,1.2000
$50 NBA Daily 8/17,2020-08-18T00:08:56.912033,estk_bf9a2e4cc8dc29a8233a24e71677893c,evt_bf9a2e4cc8dc29a8,Robert Williams,NBA,13.77,13.07,8.25,0.65,1.7800,2.8400,3.4700,
$50 NBA Daily 8/17,2020-08-18T00:08:56.912037,estk_bf9a2e4cc8dc29a8575ca725abf50fd3,evt_bf9a2e4cc8dc29a8,Alec Burks,NBA,14.24,10.98,6,0.65,1.6200,2.8000,3.5400,
$50 NBA Daily 8/17,2020-08-18T00:08:56.912041,estk_bf9a2e4cc8dc29a8049fe8ca7bf97ec4,evt_bf9a2e4cc8dc29a8,Marcus Smart,NBA,21.49,10.02,2.5,0.65,1.5300,4.1300,3.2600,
$50 NBA Daily 8/17,2020-08-18T00:10:58.278661,estk_bf9a2e4cc8dc29a87a763361bd2f9a08,evt_bf9a2e4cc8dc29a8,Joel Embiid,NBA,51.78,52.86,35.25,0.66,14.6800,9.3500,16.4000,13.4500
$50 NBA Daily 8/17,2020-08-18T00:10:58.278697,estk_bf9a2e4cc8dc29a8da4bddbbc347c31f,evt_bf9a2e4cc8dc29a8,Jayson Tatum,NBA,35.35,50.27,38.25,0.66,14.1500,7.4800,16.6700,13.0100
$50 NBA Daily 8/17,2020-08-18T00:10:58.278713,estk_bf9a2e4cc8dc29a877c3d3d4d8ad15c5,evt_bf9a2e4cc8dc29a8,Tobias Harris,NBA,31.88,40.09,29.25,0.66,9.1700,6.5500,10.9000,7.5400
$50 NBA Daily 8/17,2020-08-18T00:10:58.278716,estk_bf9a2e4cc8dc29a84b8c495d9fa8db90,evt_bf9a2e4cc8dc29a8,Jaylen Brown,NBA,29.04,38.12,28.25,0.66,8.3600,10.2300,10.0100,7.3900
$50 NBA Daily 8/17,2020-08-18T00:10:58.278724,estk_bf9a2e4cc8dc29a8f7c5bbc448149f99,evt_bf9a2e4cc8dc29a8,Gordon Hayward,NBA,28.9,32.83,23,0.66,5.1400,5.7800,6.7000,4.1000
$50 NBA Daily 8/17,2020-08-18T00:10:58.278757,estk_bf9a2e4cc8dc29a863a58b55849249a4,evt_bf9a2e4cc8dc29a8,Al Horford,NBA,27.79,22.95,13.5,0.66,3.3600,5.4700,5.3300,2.4400
$50 NBA Daily 8/17,2020-08-18T00:10:58.278768,estk_bf9a2e4cc8dc29a8a9edb859d18234d0,evt_bf9a2e4cc8dc29a8,Kemba Walker,NBA,27.97,22.01,12.5,0.66,3.1500,5.5100,5.0700,2.1000
$50 NBA Daily 8/17,2020-08-18T00:10:58.278771,estk_bf9a2e4cc8dc29a8a1e25447b314f889,evt_bf9a2e4cc8dc29a8,Shake Milton,NBA,16.44,23.59,18,0.66,3.0500,3.1700,4.4400,1.7800
$50 NBA Daily 8/17,2020-08-18T00:10:58.278778,estk_bf9a2e4cc8dc29a8201a5680f9441b5c,evt_bf9a2e4cc8dc29a8,Daniel Theis,NBA,19.63,22.17,15.5,0.66,2.9800,3.7300,4.5100,1.5800
$50 NBA Daily 8/17,2020-08-18T00:10:58.278789,estk_bf9a2e4cc8dc29a8b3147c681557a264,evt_bf9a2e4cc8dc29a8,Josh Richardson,NBA,23.84,19.36,11.25,0.66,2.6100,4.5400,4.3300,1.8000
$50 NBA Daily 8/17,2020-08-18T00:10:58.278793,estk_bf9a2e4cc8dc29a892bc30f31e413420,evt_bf9a2e4cc8dc29a8,Matisse Thybulle,NBA,13.14,18.22,13.75,0.66,2.3900,3.9100,3.9100,1.2000
$50 NBA Daily 8/17,2020-08-18T00:10:58.278797,estk_bf9a2e4cc8dc29a8233a24e71677893c,evt_bf9a2e4cc8dc29a8,Robert Williams,NBA,13.77,12.93,8.25,0.66,1.7100,2.8400,3.4700,
$50 NBA Daily 8/17,2020-08-18T00:10:58.278801,estk_bf9a2e4cc8dc29a8575ca725abf50fd3,evt_bf9a2e4cc8dc29a8,Alec Burks,NBA,14.24,13.59,8.75,0.66,1.5300,2.8000,3.5400,
$50 NBA Daily 8/17,2020-08-18T00:10:58.278804,estk_bf9a2e4cc8dc29a8049fe8ca7bf97ec4,evt_bf9a2e4cc8dc29a8,Marcus Smart,NBA,21.49,9.81,2.5,0.66,1.4500,4.1300,3.2600,
$50 NBA Daily 8/17,2020-08-18T00:11:58.968044,estk_bf9a2e4cc8dc29a87a763361bd2f9a08,evt_bf9a2e4cc8dc29a8,Joel Embiid,NBA,51.78,51.82,35.25,0.68,15.3300,9.3500,17.1400,13.4500
$50 NBA Daily 8/17,2020-08-18T00:11:58.968078,estk_bf9a2e4cc8dc29a8da4bddbbc347c31f,evt_bf9a2e4cc8dc29a8,Jayson Tatum,NBA,35.35,49.56,38.25,0.68,13.9700,7.4800,15.7500,12.4200
$50 NBA Daily 8/17,2020-08-18T00:11:58.968094,estk_bf9a2e4cc8dc29a877c3d3d4d8ad15c5,evt_bf9a2e4cc8dc29a8,Tobias Harris,NBA,31.88,41.95,31.75,0.68,8.9500,6.5500,10.9000,7.5400
$50 NBA Daily 8/17,2020-08-18T00:11:58.968098,estk_bf9a2e4cc8dc29a84b8c495d9fa8db90,evt_bf9a2e4cc8dc29a8,Jaylen Brown,NBA,29.04,37.04,27.75,0.68,8.0700,10.2300,10.0100,7.0900
$50 NBA Daily 8/17,2020-08-18T00:11:58.968102,estk_bf9a2e4cc8dc29a8f7c5bbc448149f99,evt_bf9a2e4cc8dc29a8,Gordon Hayward,NBA,28.9,32.25,23,0.68,6.0800,5.7800,7.7000,4.1000
$50 NBA Daily 8/17,2020-08-18T00:11:58.968139,estk_bf9a2e4cc8dc29a8a1e25447b314f889,evt_bf9a2e4cc8dc29a8,Shake Milton,NBA,16.44,22.76,17.5,0.68,3.3600,3.1700,4.4400,1.7900
$50 NBA Daily 8/17,2020-08-18T00:11:58.968142,estk_bf9a2e4cc8dc29a863a58b55849249a4,evt_bf9a2e4cc8dc29a8,Al Horford,NBA,27.79,22.39,13.5,0.68,3.2400,5.4700,4.8000,2.3400
$50 NBA Daily 8/17,2020-08-18T00:11:58.968153,estk_bf9a2e4cc8dc29a8201a5680f9441b5c,evt_bf9a2e4cc8dc29a8,Daniel Theis,NBA,19.63,23.28,17,0.68,3.0700,3.7300,4.5100,1.5800
$50 NBA Daily 8/17,2020-08-18T00:11:58.968157,estk_bf9a2e4cc8dc29a8a9edb859d18234d0,evt_bf9a2e4cc8dc29a8,Kemba Walker,NBA,27.97,21.45,12.5,0.68,3.0200,5.5100,5.0700,2.1000
$50 NBA Daily 8/17,2020-08-18T00:11:58.968171,estk_bf9a2e4cc8dc29a8b3147c681557a264,evt_bf9a2e4cc8dc29a8,Josh Richardson,NBA,23.84,18.88,11.25,0.68,2.5000,4.5400,4.0500,1.6600
$50 NBA Daily 8/17,2020-08-18T00:11:58.968175,estk_bf9a2e4cc8dc29a892bc30f31e413420,evt_bf9a2e4cc8dc29a8,Matisse Thybulle,NBA,13.14,17.95,13.75,0.68,2.3600,3.9100,3.9100,1.2000
$50 NBA Daily 8/17,2020-08-18T00:11:58.968179,estk_bf9a2e4cc8dc29a8575ca725abf50fd3,evt_bf9a2e4cc8dc29a8,Alec Burks,NBA,14.24,16.56,12,0.68,1.7200,2.8000,3.5400,
$50 NBA Daily 8/17,2020-08-18T00:11:58.968183,estk_bf9a2e4cc8dc29a8233a24e71677893c,evt_bf9a2e4cc8dc29a8,Robert Williams,NBA,13.77,12.66,8.25,0.68,1.6600,2.8400,3.4700,
$50 NBA Daily 8/17,2020-08-18T00:11:58.968186,estk_bf9a2e4cc8dc29a8049fe8ca7bf97ec4,evt_bf9a2e4cc8dc29a8,Marcus Smart,NBA,21.49,9.38,2.5,0.68,1.4200,4.1300,3.2600,
$50 NBA Daily 8/17,2020-08-18T00:14:00.336004,estk_bf9a2e4cc8dc29a87a763361bd2f9a08,evt_bf9a2e4cc8dc29a8,Joel Embiid,NBA,51.78,51.3,35.25,0.69,14.9000,9.3500,17.1400,13.4500
$50 NBA Daily 8/17,2020-08-18T00:14:00.336039,estk_bf9a2e4cc8dc29a8da4bddbbc347c31f,evt_bf9a2e4cc8dc29a8,Jayson Tatum,NBA,35.35,49.21,38.25,0.69,13.7600,7.4800,15.7500,12.4200
$50 NBA Daily 8/17,2020-08-18T00:14:00.336056,estk_bf9a2e4cc8dc29a877c3d3d4d8ad15c5,evt_bf9a2e4cc8dc29a8,Tobias Harris,NBA,31.88,40.38,30.5,0.69,9.8000,6.5500,11.6100,7.5400
$50 NBA Daily 8/17,2020-08-18T00:14:00.336059,estk_bf9a2e4cc8dc29a84b8c495d9fa8db90,evt_bf9a2e4cc8dc29a8,Jaylen Brown,NBA,29.04,36.75,27.75,0.69,7.6500,10.2300,9.3000,6.6700
$50 NBA Daily 8/17,2020-08-18T00:14:00.336063,estk_bf9a2e4cc8dc29a8f7c5bbc448149f99,evt_bf9a2e4cc8dc29a8,Gordon Hayward,NBA,28.9,31.46,22.5,0.69,5.8700,5.7800,7.7000,4.3000
$50 NBA Daily 8/17,2020-08-18T00:14:00.336100,estk_bf9a2e4cc8dc29a8201a5680f9441b5c,evt_bf9a2e4cc8dc29a8,Daniel Theis,NBA,19.63,23.09,17,0.69,3.2500,3.7300,4.5100,1.6900
$50 NBA Daily 8/17,2020-08-18T00:14:00.336111,estk_bf9a2e4cc8dc29a8a1e25447b314f889,evt_bf9a2e4cc8dc29a8,Shake Milton,NBA,16.44,22.6,17.5,0.69,3.1700,3.1700,4.4400,1.7900
$50 NBA Daily 8/17,2020-08-18T00:14:00.336115,estk_bf9a2e4cc8dc29a863a58b55849249a4,evt_bf9a2e4cc8dc29a8,Al Horford,NBA,27.79,22.11,13.5,0.69,3.0800,5.4700,4.8000,2.1800
$50 NBA Daily 8/17,2020-08-18T00:14:00.336122,estk_bf9a2e4cc8dc29a8a9edb859d18234d0,evt_bf9a2e4cc8dc29a8,Kemba Walker,NBA,27.97,21.17,12.5,0.69,2.8300,5.5100,4.4500,1.9300
$50 NBA Daily 8/17,2020-08-18T00:14:00.336133,estk_bf9a2e4cc8dc29a8b3147c681557a264,evt_bf9a2e4cc8dc29a8,Josh Richardson,NBA,23.84,18.64,11.25,0.69,2.4000,4.5400,3.9300,1.2100
$50 NBA Daily 8/17,2020-08-18T00:14:00.336137,estk_bf9a2e4cc8dc29a892bc30f31e413420,evt_bf9a2e4cc8dc29a8,Matisse Thybulle,NBA,13.14,17.82,13.75,0.69,2.2500,3.9100,3.9100,1.2000
$50 NBA Daily 8/17,2020-08-18T00:14:00.336141,estk_bf9a2e4cc8dc29a8575ca725abf50fd3,evt_bf9a2e4cc8dc29a8,Alec Burks,NBA,14.24,17.66,13.25,0.69,2.0300,2.8000,3.5400,
$50 NBA Daily 8/17,2020-08-18T00:14:00.336144,estk_bf9a2e4cc8dc29a8233a24e71677893c,evt_bf9a2e4cc8dc29a8,Robert Williams,NBA,13.77,12.52,8.25,0.69,1.6200,2.8400,3.4700,
$50 NBA Daily 8/17,2020-08-18T00:14:00.336148,estk_bf9a2e4cc8dc29a8049fe8ca7bf97ec4,evt_bf9a2e4cc8dc29a8,Marcus Smart,NBA,21.49,9.16,2.5,0.69,1.3400,4.1300,3.2600,
$50 NBA Daily 8/17,2020-08-18T00:17:02.470036,estk_bf9a2e4cc8dc29a87a763361bd2f9a08,evt_bf9a2e4cc8dc29a8,Joel Embiid,NBA,51.78,50.27,35.25,0.71,14.7900,9.3500,16.6100,13.4500
$50 NBA Daily 8/17,2020-08-18T00:17:02.470070,estk_bf9a2e4cc8dc29a8da4bddbbc347c31f,evt_bf9a2e4cc8dc29a8,Jayson Tatum,NBA,35.35,48.5,38.25,0.71,13.6500,7.4800,15.4200,12.4200
$50 NBA Daily 8/17,2020-08-18T00:17:02.470086,estk_bf9a2e4cc8dc29a877c3d3d4d8ad15c5,evt_bf9a2e4cc8dc29a8,Tobias Harris,NBA,31.88,39.75,30.5,0.71,9.2700,6.5500,10.9000,7.5400
$50 NBA Daily 8/17,2020-08-18T00:17:02.470090,estk_bf9a2e4cc8dc29a84b8c495d9fa8db90,evt_bf9a2e4cc8dc29a8,Jaylen Brown,NBA,29.04,36.17,27.75,0.71,7.6500,10.2300,9.3000,6.6700
$50 NBA Daily 8/17,2020-08-18T00:17:02.470094,estk_bf9a2e4cc8dc29a8f7c5bbc448149f99,evt_bf9a2e4cc8dc29a8,Gordon Hayward,NBA,28.9,30.88,22.5,0.71,5.6600,5.7800,7.7000,4.3000
$50 NBA Daily 8/17,2020-08-18T00:17:02.470137,estk_bf9a2e4cc8dc29a8201a5680f9441b5c,evt_bf9a2e4cc8dc29a8,Daniel Theis,NBA,19.63,22.69,17,0.71,3.2400,3.7300,4.5100,1.6900
$50 NBA Daily 8/17,2020-08-18T00:17:02.470141,estk_bf9a2e4cc8dc29a8a1e25447b314f889,evt_bf9a2e4cc8dc29a8,Shake Milton,NBA,16.44,22.27,17.5,0.71,3.1300,3.1700,4.4400,1.7900
$50 NBA Daily 8/17,2020-08-18T00:17:02.470144,estk_bf9a2e4cc8dc29a863a58b55849249a4,evt_bf9a2e4cc8dc29a8,Al Horford,NBA,27.79,26.31,18.25,0.71,3.0200,5.4700,4.8000,2.1800
$50 NBA Daily 8/17,2020-08-18T00:17:02.470156,estk_bf9a2e4cc8dc29a8a9edb859d18234d0,evt_bf9a2e4cc8dc29a8,Kemba Walker,NBA,27.97,20.11,12,0.71,2.8400,5.5100,4.4500,1.9300
$50 NBA Daily 8/17,2020-08-18T00:17:02.470163,estk_bf9a2e4cc8dc29a8b3147c681557a264,evt_bf9a2e4cc8dc29a8,Josh Richardson,NBA,23.84,21.66,14.75,0.71,2.3500,4.5400,3.9300,1.2100
$50 NBA Daily 8/17,2020-08-18T00:17:02.470167,estk_bf9a2e4cc8dc29a8575ca725abf50fd3,evt_bf9a2e4cc8dc29a8,Alec Burks,NBA,14.24,17.38,13.25,0.71,2.2100,2.8000,3.5400,
$50 NBA Daily 8/17,2020-08-18T00:17:02.470170,estk_bf9a2e4cc8dc29a892bc30f31e413420,evt_bf9a2e4cc8dc29a8,Matisse Thybulle,NBA,13.14,16.06,12.25,0.71,2.2100,3.9100,3.9100,1.2000
$50 NBA Daily 8/17,2020-08-18T00:17:02.470174,estk_bf9a2e4cc8dc29a8233a24e71677893c,evt_bf9a2e4cc8dc29a8,Robert Williams,NBA,13.77,12.24,8.25,0.71,1.5700,2.8400,3.4700,
$50 NBA Daily 8/17,2020-08-18T00:17:02.470177,estk_bf9a2e4cc8dc29a8049fe8ca7bf97ec4,evt_bf9a2e4cc8dc29a8,Marcus Smart,NBA,21.49,8.73,2.5,0.71,1.3300,4.1300,3.2600,
$50 NBA Daily 8/17,2020-08-18T00:20:04.719830,estk_bf9a2e4cc8dc29a87a763361bd2f9a08,evt_bf9a2e4cc8dc29a8,Joel Embiid,NBA,51.78,48.71,35.25,0.74,14.4400,9.3500,16.6100,13.2100
$50 NBA Daily 8/17,2020-08-18T00:20:04.719837,estk_bf9a2e4cc8dc29a8da4bddbbc347c31f,evt_bf9a2e4cc8dc29a8,Jayson Tatum,NBA,35.35,47.44,38.25,0.74,13.4800,7.4800,15.2200,12.4200
$50 NBA Daily 8/17,2020-08-18T00:20:04.719853,estk_bf9a2e4cc8dc29a877c3d3d4d8ad15c5,evt_bf9a2e4cc8dc29a8,Tobias Harris,NBA,31.88,40.04,31.75,0.74,9.0700,6.5500,10.9000,7.5400
$50 NBA Daily 8/17,2020-08-18T00:20:04.719857,estk_bf9a2e4cc8dc29a84b8c495d9fa8db90,evt_bf9a2e4cc8dc29a8,Jaylen Brown,NBA,29.04,34.8,27.25,0.74,7.4500,10.2300,9.3000,6.0000
$50 NBA Daily 8/17,2020-08-18T00:20:04.719861,estk_bf9a2e4cc8dc29a8f7c5bbc448149f99,evt_bf9a2e4cc8dc29a8,Gordon Hayward,NBA,28.9,29.51,22,0.74,5.5300,5.7800,7.0400,4.3000
