name,time,id,event_id,stock_name,sector,fantasy_points_projected,fantasy_points_projected_live,fantasy_points_scored,amount_completed,estimated_price,last_price,ask_price,bid_price
$50 NBA Daily 8/13,2020-08-12T16:00:19.195461,estk_4a80d234351242d2f6c7d554d2fa9f75,evt_4a80d234351242d2,Nikola Vucevic,NBA,44.2,,,,,,,
$50 NBA Daily 8/13,2020-08-12T16:00:19.195490,estk_4a80d234351242d201113a8407ed38e2,evt_4a80d234351242d2,Damian Lillard,NBA,43.7,,,,,,,
$50 NBA Daily 8/13,2020-08-12T16:00:19.195495,estk_4a80d234351242d22d5eb9139e57478c,evt_4a80d234351242d2,Rudy Gobert,NBA,40.9,,,,,,,
$50 NBA Daily 8/13,2020-08-12T16:00:19.195500,estk_4a80d234351242d21a3043d6384c59cc,evt_4a80d234351242d2,Jusuf Nurkic,NBA,37.99,,,,,,,
$50 NBA Daily 8/13,2020-08-12T16:00:19.195504,estk_4a80d234351242d266ecfa0bb24ccc58,evt_4a80d234351242d2,Donovan Mitchell,NBA,36.32,,,,,,,
$50 NBA Daily 8/13,2020-08-12T16:00:19.195507,estk_4a80d234351242d292a366f55dc75d93,evt_4a80d234351242d2,Jrue Holiday,NBA,35.31,,,,,,,
$50 NBA Daily 8/13,2020-08-12T16:00:19.195512,estk_4a80d234351242d24641ef307a4855e5,evt_4a80d234351242d2,CJ McCollum,NBA,32.77,,,,,,,
$50 NBA Daily 8/13,2020-08-12T16:00:19.195516,estk_4a80d234351242d24f8bfd04c6dc18eb,evt_4a80d234351242d2,Caris LeVert,NBA,31.99,,,,,,,
$50 NBA Daily 8/13,2020-08-12T16:00:19.195519,estk_4a80d234351242d2d990c82c4ca85db2,evt_4a80d234351242d2,DeMar DeRozan,NBA,31.99,,,,,,,
$50 NBA Daily 8/13,2020-08-12T16:00:19.195524,estk_4a80d234351242d255086ea38656fe99,evt_4a80d234351242d2,Aaron Gordon,NBA,31.33,,,,,,,
$50 NBA Daily 8/13,2020-08-12T16:00:19.195528,estk_4a80d234351242d276c100ef2f1e6d85,evt_4a80d234351242d2,Jarrett Allen,NBA,31.21,,,,,,,
$50 NBA Daily 8/13,2020-08-12T16:00:19.195531,estk_4a80d234351242d250924ad9a2f1f059,evt_4a80d234351242d2,Brandon Ingram,NBA,30.51,,,,,,,
$50 NBA Daily 8/13,2020-08-12T16:00:19.195535,estk_4a80d234351242d22c3266def21aaa4b,evt_4a80d234351242d2,Mike Conley,NBA,26.89,,,,,,,
$50 NBA Daily 8/13,2020-08-12T16:00:19.195539,estk_4a80d234351242d255ca3ac70f0e0b62,evt_4a80d234351242d2,Lonzo Ball,NBA,26.2,,,,,,,
$50 NBA Daily 8/13,2020-08-12T16:00:19.195543,estk_4a80d234351242d23c7eaf589d0dd271,evt_4a80d234351242d2,Joe Harris,NBA,26.16,,,,,,,
$50 NBA Daily 8/13,2020-08-12T16:00:19.195547,estk_4a80d234351242d258d79b9f2662f624,evt_4a80d234351242d2,Evan Fournier,NBA,25,,,,,,,
$50 NBA Daily 8/13,2020-08-12T16:00:19.195550,estk_4a80d234351242d247fcee6df283df96,evt_4a80d234351242d2,Joe Ingles,NBA,24.69,,,,,,,
$50 NBA Daily 8/13,2020-08-12T16:00:19.195554,estk_4a80d234351242d2b4cad04e823623ff,evt_4a80d234351242d2,Derrick Favors,NBA,24.36,,,,,,,
$50 NBA Daily 8/13,2020-08-12T16:00:19.195558,estk_4a80d234351242d2b1f75a880e970eed,evt_4a80d234351242d2,Jordan Clarkson,NBA,24.16,,,,,,,
$50 NBA Daily 8/13,2020-08-12T16:00:19.195562,estk_4a80d234351242d26a7e9a693923060b,evt_4a80d234351242d2,Carmelo Anthony,NBA,23.81,,,,,,,
$50 NBA Daily 8/13,2020-08-12T16:00:19.195566,estk_4a80d234351242d2487417e1e5d7f89a,evt_4a80d234351242d2,Zach Collins,NBA,22.33,,,,,,,
$50 NBA Daily 8/13,2020-08-12T16:00:19.195570,estk_4a80d234351242d29ff8269f39a3a9ef,evt_4a80d234351242d2,Dejounte Murray,NBA,22.07,,,,,,,
$50 NBA Daily 8/13,2020-08-12T16:00:19.195574,estk_4a80d234351242d2f95aa87cc77383be,evt_4a80d234351242d2,Markelle Fultz,NBA,21.98,,,,,,,
$50 NBA Daily 8/13,2020-08-12T16:00:19.195577,estk_4a80d234351242d2574634846501d886,evt_4a80d234351242d2,Royce O'Neale,NBA,21.76,,,,,,,
$50 NBA Daily 8/13,2020-08-12T16:00:19.195581,estk_4a80d234351242d20b04a4c808a880c2,evt_4a80d234351242d2,Gary Trent,NBA,21.34,,,,,,,
$50 NBA Daily 8/13,2020-08-12T16:00:19.195585,estk_4a80d234351242d23298b0c055fa35dd,evt_4a80d234351242d2,JJ Redick,NBA,20.79,,,,,,,
$50 NBA Daily 8/13,2020-08-12T16:00:19.195588,estk_4a80d234351242d21fa4838d30549dd8,evt_4a80d234351242d2,Derrick White,NBA,20.56,,,,,,,
$50 NBA Daily 8/13,2020-08-12T16:00:19.195592,estk_4a80d234351242d231303064abb30322,evt_4a80d234351242d2,Hassan Whiteside,NBA,20.09,,,,,,,
$50 NBA Daily 8/13,2020-08-12T16:00:19.195595,estk_4a80d234351242d26f4d2e8b1bb4befa,evt_4a80d234351242d2,Jakob Poeltl,NBA,19.76,,,,,,,
$50 NBA Daily 8/13,2020-08-12T16:00:19.195599,estk_4a80d234351242d22ed463b920700b5c,evt_4a80d234351242d2,Rudy Gay,NBA,19.71,,,,,,,
$50 NBA Daily 8/13,2020-08-12T16:00:19.195602,estk_4a80d234351242d27d8f05cf2dd6dbea,evt_4a80d234351242d2,D.J. Augustin,NBA,19.18,,,,,,,
$50 NBA Daily 8/13,2020-08-12T16:00:19.195606,estk_4a80d234351242d2bfd309e259bdf641,evt_4a80d234351242d2,Timothe Luwawu-Cabarrot,NBA,18.65,,,,,,,
$50 NBA Daily 8/13,2020-08-12T16:00:19.195609,estk_4a80d234351242d25684a141296027b3,evt_4a80d234351242d2,James Ennis,NBA,17.87,,,,,,,
$50 NBA Daily 8/13,2020-08-12T16:00:19.195613,estk_4a80d234351242d234e281c85e12c538,evt_4a80d234351242d2,Khem Birch,NBA,17.63,,,,,,,
$50 NBA Daily 8/13,2020-08-12T16:00:19.195616,estk_4a80d234351242d2e7c2f9e4f390b941,evt_4a80d234351242d2,Tony Bradley,NBA,16.59,,,,,,,
$50 NBA Daily 8/13,2020-08-12T16:00:19.195620,estk_4a80d234351242d25a3d5db921064e90,evt_4a80d234351242d2,Michael Carter-Williams,NBA,15.71,,,,,,,
$50 NBA Daily 8/13,2020-08-12T16:00:19.195625,estk_4a80d234351242d2123bbfae9f057d5e,evt_4a80d234351242d2,Garrett Temple,NBA,15.33,,,,,,,
$50 NBA Daily 8/13,2020-08-12T16:00:19.195629,estk_4a80d234351242d2b739004a5d0b4c8a,evt_4a80d234351242d2,Georges Niang,NBA,14.69,,,,,,,
$50 NBA Daily 8/13,2020-08-12T16:00:19.195632,estk_4a80d234351242d201e420d6a93820ae,evt_4a80d234351242d2,Josh Hart,NBA,14.57,,,,,,,
$50 NBA Daily 8/13,2020-08-12T16:00:19.195636,estk_4a80d234351242d20bf89af99c16eece,evt_4a80d234351242d2,Bryn Forbes,NBA,14.17,,,,,,,
$50 NBA Daily 8/13,2020-08-12T16:00:19.195639,estk_4a80d234351242d21b62dea0e6c0b803,evt_4a80d234351242d2,Nicolo Melli,NBA,13.73,,,,,,,
$50 NBA Daily 8/13,2020-08-12T16:00:19.195643,estk_4a80d234351242d29cee22af3ea1dc2f,evt_4a80d234351242d2,Donta Hall,NBA,12.73,,,,,,,
$50 NBA Daily 8/13,2020-08-12T16:00:19.195646,estk_4a80d234351242d2d79bd510a6bc7e98,evt_4a80d234351242d2,Wes Iwundu,NBA,12.62,,,,,,,
$50 NBA Daily 8/13,2020-08-12T16:00:19.195650,estk_4a80d234351242d24d1c69d8245efd1d,evt_4a80d234351242d2,Jaxson Hayes,NBA,12.57,,,,,,,
$50 NBA Daily 8/13,2020-08-12T16:00:19.195653,estk_4a80d234351242d21b8140bc473f9c23,evt_4a80d234351242d2,Drew Eubanks,NBA,12.53,,,,,,,
$50 NBA Daily 8/13,2020-08-12T16:00:19.195656,estk_4a80d234351242d23492ddf6c0c1365d,evt_4a80d234351242d2,Patty Mills,NBA,12.3,,,,,,,
$50 NBA Daily 8/13,2020-08-12T16:00:19.195660,estk_4a80d234351242d2274626226171ee23,evt_4a80d234351242d2,Frank Jackson,NBA,11.85,,,,,,,
$50 NBA Daily 8/13,2020-08-12T16:00:19.195664,estk_4a80d234351242d271c7bab997849403,evt_4a80d234351242d2,Chris Chiozza,NBA,11.47,,,,,,,
$50 NBA Daily 8/13,2020-08-12T16:16:24.113108,estk_4a80d234351242d2f6c7d554d2fa9f75,evt_4a80d234351242d2,Nikola Vucevic,NBA,44.2,,,,13.3300,1.1100,,
$50 NBA Daily 8/13,2020-08-12T16:16:24.113138,estk_4a80d234351242d201113a8407ed38e2,evt_4a80d234351242d2,Damian Lillard,NBA,43.7,,,,12.9400,1.1000,,
$50 NBA Daily 8/13,2020-08-12T16:16:24.113143,estk_4a80d234351242d22d5eb9139e57478c,evt_4a80d234351242d2,Rudy Gobert,NBA,40.9,,,,11.4400,1.0800,,
$50 NBA Daily 8/13,2020-08-12T16:16:24.113147,estk_4a80d234351242d21a3043d6384c59cc,evt_4a80d234351242d2,Jusuf Nurkic,NBA,37.99,,,,9.8600,1.0800,,
$50 NBA Daily 8/13,2020-08-12T16:16:24.113152,estk_4a80d234351242d266ecfa0bb24ccc58,evt_4a80d234351242d2,Donovan Mitchell,NBA,36.32,,,,9.0500,1.0700,,
$50 NBA Daily 8/13,2020-08-12T16:16:24.113156,estk_4a80d234351242d292a366f55dc75d93,evt_4a80d234351242d2,Jrue Holiday,NBA,35.31,,,,8.4700,1.0600,,
$50 NBA Daily 8/13,2020-08-12T16:16:24.113160,estk_4a80d234351242d24641ef307a4855e5,evt_4a80d234351242d2,CJ McCollum,NBA,32.77,,,,7.3500,1.0500,,
$50 NBA Daily 8/13,2020-08-12T16:16:24.113164,estk_4a80d234351242d24f8bfd04c6dc18eb,evt_4a80d234351242d2,Caris LeVert,NBA,31.99,,,,7.0300,1.0500,,
$50 NBA Daily 8/13,2020-08-12T16:16:24.113168,estk_4a80d234351242d2d990c82c4ca85db2,evt_4a80d234351242d2,DeMar DeRozan,NBA,31.99,,,,7.0300,1.0500,,
$50 NBA Daily 8/13,2020-08-12T16:16:24.113172,estk_4a80d234351242d255086ea38656fe99,evt_4a80d234351242d2,Aaron Gordon,NBA,31.33,,,,6.7700,1.0400,,
$50 NBA Daily 8/13,2020-08-12T16:16:24.113175,estk_4a80d234351242d276c100ef2f1e6d85,evt_4a80d234351242d2,Jarrett Allen,NBA,31.21,,,,6.7500,1.0500,,
$50 NBA Daily 8/13,2020-08-12T16:16:24.113179,estk_4a80d234351242d250924ad9a2f1f059,evt_4a80d234351242d2,Brandon Ingram,NBA,30.51,,,,6.4000,1.0500,,
$50 NBA Daily 8/13,2020-08-12T16:16:24.113182,estk_4a80d234351242d22c3266def21aaa4b,evt_4a80d234351242d2,Mike Conley,NBA,26.89,,,,5.0400,1.0300,,
$50 NBA Daily 8/13,2020-08-12T16:16:24.113186,estk_4a80d234351242d255ca3ac70f0e0b62,evt_4a80d234351242d2,Lonzo Ball,NBA,26.2,,,,4.8200,1.0300,,
$50 NBA Daily 8/13,2020-08-12T16:16:24.113189,estk_4a80d234351242d23c7eaf589d0dd271,evt_4a80d234351242d2,Joe Harris,NBA,26.16,,,,4.8200,1.0300,,
$50 NBA Daily 8/13,2020-08-12T16:16:24.113193,estk_4a80d234351242d258d79b9f2662f624,evt_4a80d234351242d2,Evan Fournier,NBA,25,,,,4.4600,1.0300,,
$50 NBA Daily 8/13,2020-08-12T16:16:24.113196,estk_4a80d234351242d247fcee6df283df96,evt_4a80d234351242d2,Joe Ingles,NBA,24.69,,,,4.3500,1.0300,,
$50 NBA Daily 8/13,2020-08-12T16:16:24.113200,estk_4a80d234351242d2b4cad04e823623ff,evt_4a80d234351242d2,Derrick Favors,NBA,24.36,,,,4.2300,1.0300,,
$50 NBA Daily 8/13,2020-08-12T16:16:24.113204,estk_4a80d234351242d2b1f75a880e970eed,evt_4a80d234351242d2,Jordan Clarkson,NBA,24.16,,,,4.1500,1.0300,,
$50 NBA Daily 8/13,2020-08-12T16:16:24.113208,estk_4a80d234351242d26a7e9a693923060b,evt_4a80d234351242d2,Carmelo Anthony,NBA,23.81,,,,4.0900,1.0300,,
$50 NBA Daily 8/13,2020-08-12T16:16:24.113211,estk_4a80d234351242d2487417e1e5d7f89a,evt_4a80d234351242d2,Zach Collins,NBA,22.33,,,,3.7200,1.0200,,
$50 NBA Daily 8/13,2020-08-12T16:16:24.113215,estk_4a80d234351242d29ff8269f39a3a9ef,evt_4a80d234351242d2,Dejounte Murray,NBA,22.07,,,,3.6200,1.0200,,
$50 NBA Daily 8/13,2020-08-12T16:16:24.113218,estk_4a80d234351242d2f95aa87cc77383be,evt_4a80d234351242d2,Markelle Fultz,NBA,21.98,,,,3.6100,1.0200,,
$50 NBA Daily 8/13,2020-08-12T16:16:24.113222,estk_4a80d234351242d2574634846501d886,evt_4a80d234351242d2,Royce O'Neale,NBA,21.76,,,,3.5500,1.0200,,
$50 NBA Daily 8/13,2020-08-12T16:16:24.113226,estk_4a80d234351242d20b04a4c808a880c2,evt_4a80d234351242d2,Gary Trent,NBA,21.34,,,,3.4900,1.0200,,
$50 NBA Daily 8/13,2020-08-12T16:16:24.113229,estk_4a80d234351242d23298b0c055fa35dd,evt_4a80d234351242d2,JJ Redick,NBA,20.79,,,,3.3000,1.0200,,
$50 NBA Daily 8/13,2020-08-12T16:16:24.113233,estk_4a80d234351242d21fa4838d30549dd8,evt_4a80d234351242d2,Derrick White,NBA,20.56,,,,3.2600,1.0200,,
$50 NBA Daily 8/13,2020-08-12T16:16:24.113236,estk_4a80d234351242d231303064abb30322,evt_4a80d234351242d2,Hassan Whiteside,NBA,20.09,,,,3.1600,1.0200,,
$50 NBA Daily 8/13,2020-08-12T16:16:24.113240,estk_4a80d234351242d26f4d2e8b1bb4befa,evt_4a80d234351242d2,Jakob Poeltl,NBA,19.76,,,,3.1300,1.0200,,
$50 NBA Daily 8/13,2020-08-12T16:16:24.113243,estk_4a80d234351242d22ed463b920700b5c,evt_4a80d234351242d2,Rudy Gay,NBA,19.71,,,,3.0900,1.0200,,
$50 NBA Daily 8/13,2020-08-12T16:16:24.113247,estk_4a80d234351242d27d8f05cf2dd6dbea,evt_4a80d234351242d2,D.J. Augustin,NBA,19.18,,,,2.9700,1.0200,,
$50 NBA Daily 8/13,2020-08-12T16:16:24.113250,estk_4a80d234351242d2bfd309e259bdf641,evt_4a80d234351242d2,Timothe Luwawu-Cabarrot,NBA,18.65,,,,2.8700,1.0100,,
$50 NBA Daily 8/13,2020-08-12T16:16:24.113254,estk_4a80d234351242d25684a141296027b3,evt_4a80d234351242d2,James Ennis,NBA,17.87,,,,2.7200,1.0100,,
$50 NBA Daily 8/13,2020-08-12T16:16:24.113258,estk_4a80d234351242d234e281c85e12c538,evt_4a80d234351242d2,Khem Birch,NBA,17.63,,,,2.6800,1.0100,,
$50 NBA Daily 8/13,2020-08-12T16:16:24.113261,estk_4a80d234351242d2e7c2f9e4f390b941,evt_4a80d234351242d2,Tony Bradley,NBA,16.59,,,,2.5000,1.0100,,
$50 NBA Daily 8/13,2020-08-12T16:16:24.113265,estk_4a80d234351242d25a3d5db921064e90,evt_4a80d234351242d2,Michael Carter-Williams,NBA,15.71,,,,2.3100,1.0100,,
$50 NBA Daily 8/13,2020-08-12T16:16:24.113269,estk_4a80d234351242d2123bbfae9f057d5e,evt_4a80d234351242d2,Garrett Temple,NBA,15.33,,,,2.2700,1.0100,,
$50 NBA Daily 8/13,2020-08-12T16:16:24.113272,estk_4a80d234351242d201e420d6a93820ae,evt_4a80d234351242d2,Josh Hart,NBA,14.57,,,,2.1900,1.0100,,
$50 NBA Daily 8/13,2020-08-12T16:16:24.113276,estk_4a80d234351242d2b739004a5d0b4c8a,evt_4a80d234351242d2,Georges Niang,NBA,14.69,,,,2.1800,1.0100,,
$50 NBA Daily 8/13,2020-08-12T16:16:24.113279,estk_4a80d234351242d20bf89af99c16eece,evt_4a80d234351242d2,Bryn Forbes,NBA,14.17,,,,2.0800,1.0100,,
$50 NBA Daily 8/13,2020-08-12T16:16:24.113282,estk_4a80d234351242d21b62dea0e6c0b803,evt_4a80d234351242d2,Nicolo Melli,NBA,13.73,,,,2.0400,1.0100,,
$50 NBA Daily 8/13,2020-08-12T16:16:24.113286,estk_4a80d234351242d2d79bd510a6bc7e98,evt_4a80d234351242d2,Wes Iwundu,NBA,12.62,,,,1.9500,1.0100,,
$50 NBA Daily 8/13,2020-08-12T16:16:24.113289,estk_4a80d234351242d21b8140bc473f9c23,evt_4a80d234351242d2,Drew Eubanks,NBA,12.53,,,,1.9400,1.0100,,
$50 NBA Daily 8/13,2020-08-12T16:16:24.113293,estk_4a80d234351242d29cee22af3ea1dc2f,evt_4a80d234351242d2,Donta Hall,NBA,12.73,,,,1.9300,1.0100,,
$50 NBA Daily 8/13,2020-08-12T16:16:24.113297,estk_4a80d234351242d24d1c69d8245efd1d,evt_4a80d234351242d2,Jaxson Hayes,NBA,12.57,,,,1.9000,1.0100,,
$50 NBA Daily 8/13,2020-08-12T16:16:24.113300,estk_4a80d234351242d23492ddf6c0c1365d,evt_4a80d234351242d2,Patty Mills,NBA,12.3,,,,1.8600,1.0100,,
$50 NBA Daily 8/13,2020-08-12T16:16:24.113304,estk_4a80d234351242d2274626226171ee23,evt_4a80d234351242d2,Frank Jackson,NBA,11.85,,,,1.8200,1.0100,,
$50 NBA Daily 8/13,2020-08-12T16:16:24.113308,estk_4a80d234351242d271c7bab997849403,evt_4a80d234351242d2,Chris Chiozza,NBA,11.47,,,,1.7700,1.0100,,
$50 NBA Daily 8/13,2020-08-13T14:05:02.534431,estk_4a80d234351242d2f6c7d554d2fa9f75,evt_4a80d234351242d2,Nikola Vucevic,NBA,44.2,,,,14.1400,10.4600,,
$50 NBA Daily 8/13,2020-08-13T14:05:02.534465,estk_4a80d234351242d201113a8407ed38e2,evt_4a80d234351242d2,Damian Lillard,NBA,44.08,,,,14.1300,10.4100,,
$50 NBA Daily 8/13,2020-08-13T14:05:02.534470,estk_4a80d234351242d21a3043d6384c59cc,evt_4a80d234351242d2,Jusuf Nurkic,NBA,37.44,,,,10.7800,8.1000,,
$50 NBA Daily 8/13,2020-08-13T14:05:02.534474,estk_4a80d234351242d24641ef307a4855e5,evt_4a80d234351242d2,CJ McCollum,NBA,32.48,,,,8.5800,6.5200,,
$50 NBA Daily 8/13,2020-08-13T14:05:02.534481,estk_4a80d234351242d24f8bfd04c6dc18eb,evt_4a80d234351242d2,Caris LeVert,NBA,31.99,,,,8.5000,6.3800,,
$50 NBA Daily 8/13,2020-08-13T14:05:02.534485,estk_4a80d234351242d2d990c82c4ca85db2,evt_4a80d234351242d2,DeMar DeRozan,NBA,32.12,,,,8.4700,6.4600,,
$50 NBA Daily 8/13,2020-08-13T14:05:02.534489,estk_4a80d234351242d276c100ef2f1e6d85,evt_4a80d234351242d2,Jarrett Allen,NBA,31.21,,,,8.1000,6.1500,,
$50 NBA Daily 8/13,2020-08-13T14:05:02.534492,estk_4a80d234351242d29ff8269f39a3a9ef,evt_4a80d234351242d2,Dejounte Murray,NBA,27.32,,,,6.5800,5.0800,,
$50 NBA Daily 8/13,2020-08-13T14:05:02.534496,estk_4a80d234351242d266ecfa0bb24ccc58,evt_4a80d234351242d2,Donovan Mitchell,NBA,25.95,,,,6.2500,4.7400,,
$50 NBA Daily 8/13,2020-08-13T14:05:02.534499,estk_4a80d234351242d23c7eaf589d0dd271,evt_4a80d234351242d2,Joe Harris,NBA,26.16,,,,6.2200,4.7800,,
$50 NBA Daily 8/13,2020-08-13T14:05:02.534503,estk_4a80d234351242d255ca3ac70f0e0b62,evt_4a80d234351242d2,Lonzo Ball,NBA,26.23,,,,6.1800,4.8200,,
$50 NBA Daily 8/13,2020-08-13T14:05:02.534507,estk_4a80d234351242d26a7e9a693923060b,evt_4a80d234351242d2,Carmelo Anthony,NBA,24.88,,,,5.8000,4.5000,,
$50 NBA Daily 8/13,2020-08-13T14:05:02.534510,estk_4a80d234351242d26f4d2e8b1bb4befa,evt_4a80d234351242d2,Jakob Poeltl,NBA,23.45,,,,5.2500,4.1600,,
$50 NBA Daily 8/13,2020-08-13T14:05:02.534514,estk_4a80d234351242d2487417e1e5d7f89a,evt_4a80d234351242d2,Zach Collins,NBA,22.35,,,,5.0400,3.9700,,
$50 NBA Daily 8/13,2020-08-13T14:05:02.534517,estk_4a80d234351242d2f95aa87cc77383be,evt_4a80d234351242d2,Markelle Fultz,NBA,21.98,,,,4.9800,3.8800,,
$50 NBA Daily 8/13,2020-08-13T14:05:02.534521,estk_4a80d234351242d21fa4838d30549dd8,evt_4a80d234351242d2,Derrick White,NBA,22.05,,,,4.9100,3.8900,,
$50 NBA Daily 8/13,2020-08-13T14:05:02.534524,estk_4a80d234351242d2b1f75a880e970eed,evt_4a80d234351242d2,Jordan Clarkson,NBA,20.82,,,,4.6000,3.6400,,
$50 NBA Daily 8/13,2020-08-13T14:05:02.534528,estk_4a80d234351242d23298b0c055fa35dd,evt_4a80d234351242d2,JJ Redick,NBA,20.79,,,,4.5600,3.7000,,
$50 NBA Daily 8/13,2020-08-13T14:05:02.534532,estk_4a80d234351242d20b04a4c808a880c2,evt_4a80d234351242d2,Gary Trent,NBA,20.6,,,,4.5600,3.6900,,
$50 NBA Daily 8/13,2020-08-13T14:05:02.534535,estk_4a80d234351242d247fcee6df283df96,evt_4a80d234351242d2,Joe Ingles,NBA,20.58,,,,4.5100,3.5800,,
$50 NBA Daily 8/13,2020-08-13T14:05:02.534538,estk_4a80d234351242d231303064abb30322,evt_4a80d234351242d2,Hassan Whiteside,NBA,20.1,,,,4.4200,3.6000,,
$50 NBA Daily 8/13,2020-08-13T14:05:02.534542,estk_4a80d234351242d22ed463b920700b5c,evt_4a80d234351242d2,Rudy Gay,NBA,19.76,,,,4.3000,3.5600,,
$50 NBA Daily 8/13,2020-08-13T14:05:02.534547,estk_4a80d234351242d27d8f05cf2dd6dbea,evt_4a80d234351242d2,D.J. Augustin,NBA,19.18,,,,4.1900,3.3200,,
$50 NBA Daily 8/13,2020-08-13T14:05:02.534551,estk_4a80d234351242d21b62dea0e6c0b803,evt_4a80d234351242d2,Nicolo Melli,NBA,18.79,,,,4.1100,3.4000,,
$50 NBA Daily 8/13,2020-08-13T14:05:02.534554,estk_4a80d234351242d2bfd309e259bdf641,evt_4a80d234351242d2,Timothe Luwawu-Cabarrot,NBA,18.65,,,,4.0000,3.3800,,
$50 NBA Daily 8/13,2020-08-13T14:05:02.534560,estk_4a80d234351242d201e420d6a93820ae,evt_4a80d234351242d2,Josh Hart,NBA,18.31,,,,3.9100,3.1900,,
$50 NBA Daily 8/13,2020-08-13T14:05:02.534564,estk_4a80d234351242d25684a141296027b3,evt_4a80d234351242d2,James Ennis,NBA,17.87,,,,3.8500,3.1000,,
$50 NBA Daily 8/13,2020-08-13T14:05:02.534567,estk_4a80d234351242d234e281c85e12c538,evt_4a80d234351242d2,Khem Birch,NBA,17.63,,,,3.8200,3.2200,,
$50 NBA Daily 8/13,2020-08-13T14:05:02.534571,estk_4a80d234351242d21b8140bc473f9c23,evt_4a80d234351242d2,Drew Eubanks,NBA,17.13,,,,3.7000,2.9800,,
$50 NBA Daily 8/13,2020-08-13T14:05:02.534577,estk_4a80d234351242d2e7c2f9e4f390b941,evt_4a80d234351242d2,Tony Bradley,NBA,16.59,,,,3.5700,3.1000,,
$50 NBA Daily 8/13,2020-08-13T14:05:02.534581,estk_4a80d234351242d2574634846501d886,evt_4a80d234351242d2,Royce O'Neale,NBA,16.49,,,,3.5500,3.0800,,
$50 NBA Daily 8/13,2020-08-13T14:05:02.534584,estk_4a80d234351242d2123bbfae9f057d5e,evt_4a80d234351242d2,Garrett Temple,NBA,15.33,,,,3.3300,2.9600,,
$50 NBA Daily 8/13,2020-08-13T14:05:02.534588,estk_4a80d234351242d2274626226171ee23,evt_4a80d234351242d2,Frank Jackson,NBA,15.05,,,,3.2700,2.8800,,
$50 NBA Daily 8/13,2020-08-13T14:05:02.534591,estk_4a80d234351242d2b739004a5d0b4c8a,evt_4a80d234351242d2,Georges Niang,NBA,14.69,,,,3.1600,2.8200,,
$50 NBA Daily 8/13,2020-08-13T14:05:02.534595,estk_4a80d234351242d29cee22af3ea1dc2f,evt_4a80d234351242d2,Donta Hall,NBA,12.73,,,,2.8400,2.6400,,
$50 NBA Daily 8/13,2020-08-13T14:05:02.534598,estk_4a80d234351242d2d79bd510a6bc7e98,evt_4a80d234351242d2,Wes Iwundu,NBA,12.62,,,,2.8400,2.6100,,
$50 NBA Daily 8/13,2020-08-13T14:05:02.534605,estk_4a80d234351242d24d1c69d8245efd1d,evt_4a80d234351242d2,Jaxson Hayes,NBA,11.72,,,,2.6700,2.4900,,
$50 NBA Daily 8/13,2020-08-13T14:05:02.534608,estk_4a80d234351242d271c7bab997849403,evt_4a80d234351242d2,Chris Chiozza,NBA,11.47,,,,2.6200,2.2100,,
$50 NBA Daily 8/13,2020-08-13T14:05:02.534616,estk_4a80d234351242d250924ad9a2f1f059,evt_4a80d234351242d2,Brandon Ingram,NBA,0,,,,1.0000,1.9100,,
$50 NBA Daily 8/13,2020-08-13T14:05:02.534619,estk_4a80d234351242d25a3d5db921064e90,evt_4a80d234351242d2,Michael Carter-Williams,NBA,0,,,,1.0000,1.0300,,
$50 NBA Daily 8/13,2020-08-13T14:05:02.534624,estk_4a80d234351242d22c3266def21aaa4b,evt_4a80d234351242d2,Mike Conley,NBA,0,,,,1.0000,1.8500,,
$50 NBA Daily 8/13,2020-08-13T14:05:02.534628,estk_4a80d234351242d23492ddf6c0c1365d,evt_4a80d234351242d2,Patty Mills,NBA,0,,,,1.0000,1.3600,,
$50 NBA Daily 8/13,2020-08-13T14:05:02.534631,estk_4a80d234351242d258d79b9f2662f624,evt_4a80d234351242d2,Evan Fournier,NBA,0,,,,1.0000,1.0700,,
$50 NBA Daily 8/13,2020-08-13T14:05:02.534636,estk_4a80d234351242d292a366f55dc75d93,evt_4a80d234351242d2,Jrue Holiday,NBA,0,,,,1.0000,2.2400,,
$50 NBA Daily 8/13,2020-08-13T14:05:02.534639,estk_4a80d234351242d20bf89af99c16eece,evt_4a80d234351242d2,Bryn Forbes,NBA,0,,,,1.0000,1.4100,,
$50 NBA Daily 8/13,2020-08-13T14:05:02.534642,estk_4a80d234351242d255086ea38656fe99,evt_4a80d234351242d2,Aaron Gordon,NBA,0,,,,1.0000,1.1300,,
$50 NBA Daily 8/13,2020-08-13T14:05:02.534646,estk_4a80d234351242d2b4cad04e823623ff,evt_4a80d234351242d2,Derrick Favors,NBA,0,,,,1.0000,1.6200,,
$50 NBA Daily 8/13,2020-08-13T14:05:02.534650,estk_4a80d234351242d22d5eb9139e57478c,evt_4a80d234351242d2,Rudy Gobert,NBA,0,,,,1.0000,2.8200,,
$50 NBA Daily 8/13,2020-08-13T20:58:22.163424,estk_4a80d234351242d201113a8407ed38e2,evt_4a80d234351242d2,Damian Lillard,NBA,45.21,45.21,0,0,14.9600,14.0300,16.7600,
$50 NBA Daily 8/13,2020-08-13T20:58:22.163456,estk_4a80d234351242d21a3043d6384c59cc,evt_4a80d234351242d2,Jusuf Nurkic,NBA,37.44,37.44,0,0,11.1400,10.5300,12.8600,
$50 NBA Daily 8/13,2020-08-13T20:58:22.163462,estk_4a80d234351242d24641ef307a4855e5,evt_4a80d234351242d2,CJ McCollum,NBA,32.48,32.48,0,0,8.9200,8.5000,10.6000,
$50 NBA Daily 8/13,2020-08-13T20:58:22.163466,estk_4a80d234351242d2f6c7d554d2fa9f75,evt_4a80d234351242d2,Nikola Vucevic,NBA,32.49,32.49,0,0,8.8200,11.7200,10.5000,
$50 NBA Daily 8/13,2020-08-13T20:58:22.163470,estk_4a80d234351242d2d990c82c4ca85db2,evt_4a80d234351242d2,DeMar DeRozan,NBA,32.12,32.12,0,0,8.7300,8.3600,10.4000,
$50 NBA Daily 8/13,2020-08-13T20:58:22.163475,estk_4a80d234351242d24f8bfd04c6dc18eb,evt_4a80d234351242d2,Caris LeVert,NBA,31.99,31.99,0,0,8.7000,8.2700,10.3700,
$50 NBA Daily 8/13,2020-08-13T20:58:22.163479,estk_4a80d234351242d276c100ef2f1e6d85,evt_4a80d234351242d2,Jarrett Allen,NBA,31.21,31.21,0,0,8.3400,8.0100,10.0100,
$50 NBA Daily 8/13,2020-08-13T20:58:22.163483,estk_4a80d234351242d29ff8269f39a3a9ef,evt_4a80d234351242d2,Dejounte Murray,NBA,27.32,27.32,0,0,6.8700,6.5300,8.5100,
$50 NBA Daily 8/13,2020-08-13T20:58:22.163487,estk_4a80d234351242d23c7eaf589d0dd271,evt_4a80d234351242d2,Joe Harris,NBA,26.16,26.16,0,0,6.4600,6.1800,8.0900,
$50 NBA Daily 8/13,2020-08-13T20:58:22.163491,estk_4a80d234351242d255ca3ac70f0e0b62,evt_4a80d234351242d2,Lonzo Ball,NBA,26.23,26.23,0,0,6.4100,6.2200,8.0400,
$50 NBA Daily 8/13,2020-08-13T20:58:22.163495,estk_4a80d234351242d266ecfa0bb24ccc58,evt_4a80d234351242d2,Donovan Mitchell,NBA,25.95,25.95,0,0,6.3500,6.1600,,
$50 NBA Daily 8/13,2020-08-13T20:58:22.163499,estk_4a80d234351242d26a7e9a693923060b,evt_4a80d234351242d2,Carmelo Anthony,NBA,24.88,24.88,0,0,6.0300,5.7500,7.6500,
$50 NBA Daily 8/13,2020-08-13T20:58:22.163503,estk_4a80d234351242d234e281c85e12c538,evt_4a80d234351242d2,Khem Birch,NBA,24.49,24.49,0,0,5.9300,5.6600,7.5500,
$50 NBA Daily 8/13,2020-08-13T20:58:22.163507,estk_4a80d234351242d2f95aa87cc77383be,evt_4a80d234351242d2,Markelle Fultz,NBA,23.74,23.74,0,0,5.6600,5.4300,7.2700,
$50 NBA Daily 8/13,2020-08-13T20:58:22.163511,estk_4a80d234351242d26f4d2e8b1bb4befa,evt_4a80d234351242d2,Jakob Poeltl,NBA,23.45,23.45,0,0,5.5800,5.3600,7.1900,
$50 NBA Daily 8/13,2020-08-13T20:58:22.163514,estk_4a80d234351242d2487417e1e5d7f89a,evt_4a80d234351242d2,Zach Collins,NBA,22.35,22.35,0,0,5.2000,5.0200,6.8000,
$50 NBA Daily 8/13,2020-08-13T20:58:22.163518,estk_4a80d234351242d21fa4838d30549dd8,evt_4a80d234351242d2,Derrick White,NBA,22.05,22.05,0,0,5.1000,4.9300,6.7000,
$50 NBA Daily 8/13,2020-08-13T20:58:22.163522,estk_4a80d234351242d2b1f75a880e970eed,evt_4a80d234351242d2,Jordan Clarkson,NBA,20.82,20.82,0,0,4.7400,4.6300,6.3300,
$50 NBA Daily 8/13,2020-08-13T20:58:22.163526,estk_4a80d234351242d23298b0c055fa35dd,evt_4a80d234351242d2,JJ Redick,NBA,20.79,20.79,0,0,4.7400,4.6000,6.3300,
$50 NBA Daily 8/13,2020-08-13T20:58:22.163530,estk_4a80d234351242d20b04a4c808a880c2,evt_4a80d234351242d2,Gary Trent,NBA,20.6,20.6,0,0,4.7400,4.5500,6.3300,
$50 NBA Daily 8/13,2020-08-13T20:58:22.163533,estk_4a80d234351242d231303064abb30322,evt_4a80d234351242d2,Hassan Whiteside,NBA,20.1,20.1,0,0,4.6000,4.4300,6.1900,
$50 NBA Daily 8/13,2020-08-13T20:58:22.163537,estk_4a80d234351242d22ed463b920700b5c,evt_4a80d234351242d2,Rudy Gay,NBA,19.76,19.76,0,0,4.4400,4.3500,6.0300,
$50 NBA Daily 8/13,2020-08-13T20:58:22.163540,estk_4a80d234351242d27d8f05cf2dd6dbea,evt_4a80d234351242d2,D.J. Augustin,NBA,19.18,19.18,0,0,4.3100,4.1800,5.9000,
$50 NBA Daily 8/13,2020-08-13T20:58:22.163544,estk_4a80d234351242d21b62dea0e6c0b803,evt_4a80d234351242d2,Nicolo Melli,NBA,18.79,18.79,0,0,4.1900,4.1000,5.7700,
$50 NBA Daily 8/13,2020-08-13T20:58:22.163547,estk_4a80d234351242d2bfd309e259bdf641,evt_4a80d234351242d2,Timothe Luwawu-Cabarrot,NBA,18.65,18.65,0,0,4.1900,4.0200,5.7700,
$50 NBA Daily 8/13,2020-08-13T20:58:22.163551,estk_4a80d234351242d201e420d6a93820ae,evt_4a80d234351242d2,Josh Hart,NBA,18.31,18.31,0,0,4.1300,3.9700,,
$50 NBA Daily 8/13,2020-08-13T20:58:22.163555,estk_4a80d234351242d247fcee6df283df96,evt_4a80d234351242d2,Joe Ingles,NBA,18.11,18.11,0,0,4.0200,4.1300,5.6000,
$50 NBA Daily 8/13,2020-08-13T20:58:22.163558,estk_4a80d234351242d21b8140bc473f9c23,evt_4a80d234351242d2,Drew Eubanks,NBA,17.13,17.13,0,0,3.8200,3.7100,5.4000,
$50 NBA Daily 8/13,2020-08-13T20:58:22.163562,estk_4a80d234351242d2e7c2f9e4f390b941,evt_4a80d234351242d2,Tony Bradley,NBA,16.59,16.59,0,0,3.7000,3.6000,5.2700,
$50 NBA Daily 8/13,2020-08-13T20:58:22.163566,estk_4a80d234351242d2574634846501d886,evt_4a80d234351242d2,Royce O'Neale,NBA,16.49,16.49,0,0,3.6600,3.5600,5.2300,
$50 NBA Daily 8/13,2020-08-13T20:58:22.163569,estk_4a80d234351242d2d79bd510a6bc7e98,evt_4a80d234351242d2,Wes Iwundu,NBA,16.22,16.22,0,0,3.6000,3.5300,5.1700,
$50 NBA Daily 8/13,2020-08-13T20:58:22.163573,estk_4a80d234351242d2123bbfae9f057d5e,evt_4a80d234351242d2,Garrett Temple,NBA,15.33,15.33,0,0,3.4600,3.3300,,
$50 NBA Daily 8/13,2020-08-13T20:58:22.163577,estk_4a80d234351242d2274626226171ee23,evt_4a80d234351242d2,Frank Jackson,NBA,15.05,15.05,0,0,3.3600,3.2800,4.9300,
$50 NBA Daily 8/13,2020-08-13T20:58:22.163581,estk_4a80d234351242d2b739004a5d0b4c8a,evt_4a80d234351242d2,Georges Niang,NBA,14.69,14.69,0,0,3.3000,3.2000,4.8700,
$50 NBA Daily 8/13,2020-08-13T20:58:22.163584,estk_4a80d234351242d25684a141296027b3,evt_4a80d234351242d2,James Ennis,NBA,14.69,14.69,0,0,3.2700,3.5600,4.8400,
$50 NBA Daily 8/13,2020-08-13T20:58:22.163588,estk_4a80d234351242d24d1c69d8245efd1d,evt_4a80d234351242d2,Jaxson Hayes,NBA,11.72,11.72,0,0,2.7900,2.6900,4.3500,
$50 NBA Daily 8/13,2020-08-13T20:58:22.163593,estk_4a80d234351242d271c7bab997849403,evt_4a80d234351242d2,Chris Chiozza,NBA,0,0,0,0,1.0000,2.4800,2.5200,
$50 NBA Daily 8/13,2020-08-13T20:58:22.163597,estk_4a80d234351242d255086ea38656fe99,evt_4a80d234351242d2,Aaron Gordon,NBA,0,0,0,0,1.0000,1.1300,2.5200,
$50 NBA Daily 8/13,2020-08-13T20:58:22.163600,estk_4a80d234351242d20bf89af99c16eece,evt_4a80d234351242d2,Bryn Forbes,NBA,0,0,0,0,1.0000,1.4100,2.5200,
$50 NBA Daily 8/13,2020-08-13T20:58:22.163604,estk_4a80d234351242d22d5eb9139e57478c,evt_4a80d234351242d2,Rudy Gobert,NBA,0,0,0,0,1.0000,2.8200,2.5200,
$50 NBA Daily 8/13,2020-08-13T20:58:22.163608,estk_4a80d234351242d22c3266def21aaa4b,evt_4a80d234351242d2,Mike Conley,NBA,0,0,0,0,1.0000,1.8500,2.5200,
$50 NBA Daily 8/13,2020-08-13T20:58:22.163611,estk_4a80d234351242d29cee22af3ea1dc2f,evt_4a80d234351242d2,Donta Hall,NBA,0,0,0,0,1.0000,2.6600,2.5200,
$50 NBA Daily 8/13,2020-08-13T20:58:22.163614,estk_4a80d234351242d23492ddf6c0c1365d,evt_4a80d234351242d2,Patty Mills,NBA,0,0,0,0,1.0000,1.3600,2.5200,
$50 NBA Daily 8/13,2020-08-13T20:58:22.163618,estk_4a80d234351242d258d79b9f2662f624,evt_4a80d234351242d2,Evan Fournier,NBA,0,0,0,0,1.0000,1.0700,2.5200,
$50 NBA Daily 8/13,2020-08-13T20:58:22.163622,estk_4a80d234351242d2b4cad04e823623ff,evt_4a80d234351242d2,Derrick Favors,NBA,0,0,0,0,1.0000,1.6200,2.5200,
$50 NBA Daily 8/13,2020-08-13T20:58:22.163626,estk_4a80d234351242d292a366f55dc75d93,evt_4a80d234351242d2,Jrue Holiday,NBA,0,0,0,0,1.0000,2.2400,2.5200,
$50 NBA Daily 8/13,2020-08-13T20:58:22.163629,estk_4a80d234351242d250924ad9a2f1f059,evt_4a80d234351242d2,Brandon Ingram,NBA,0,0,0,0,1.0000,1.9100,2.5200,
$50 NBA Daily 8/13,2020-08-13T20:58:22.163634,estk_4a80d234351242d25a3d5db921064e90,evt_4a80d234351242d2,Michael Carter-Williams,NBA,0,0,0,0,1.0000,1.0300,2.5200,
$50 NBA Daily 8/13,2020-08-13T22:38:45.211385,estk_4a80d234351242d2d990c82c4ca85db2,evt_4a80d234351242d2,DeMar DeRozan,NBA,32.12,24.09,0,0.25,8.7200,8.3600,10.4000,7.0500
$50 NBA Daily 8/13,2020-08-13T22:38:45.211398,estk_4a80d234351242d29ff8269f39a3a9ef,evt_4a80d234351242d2,Dejounte Murray,NBA,27.32,20.49,0,0.25,6.8000,6.5300,8.5100,5.1600
$50 NBA Daily 8/13,2020-08-13T22:38:45.211410,estk_4a80d234351242d266ecfa0bb24ccc58,evt_4a80d234351242d2,Donovan Mitchell,NBA,25.95,19.46,0,0.25,6.3800,6.1600,7.9800,4.7500
$50 NBA Daily 8/13,2020-08-13T22:38:45.211425,estk_4a80d234351242d26f4d2e8b1bb4befa,evt_4a80d234351242d2,Jakob Poeltl,NBA,23.45,17.59,0,0.25,5.5600,5.3600,7.1900,
$50 NBA Daily 8/13,2020-08-13T22:38:45.211432,estk_4a80d234351242d21fa4838d30549dd8,evt_4a80d234351242d2,Derrick White,NBA,22.05,16.54,0,0.25,5.0800,4.9300,6.7000,3.4800
$50 NBA Daily 8/13,2020-08-13T22:38:45.211436,estk_4a80d234351242d2b1f75a880e970eed,evt_4a80d234351242d2,Jordan Clarkson,NBA,20.82,15.62,0,0.25,4.7800,4.6300,6.3300,3.1800
$50 NBA Daily 8/13,2020-08-13T22:38:45.211451,estk_4a80d234351242d22ed463b920700b5c,evt_4a80d234351242d2,Rudy Gay,NBA,19.76,14.82,0,0.25,4.4600,4.3500,6.0300,3.9800
$50 NBA Daily 8/13,2020-08-13T22:38:45.211468,estk_4a80d234351242d247fcee6df283df96,evt_4a80d234351242d2,Joe Ingles,NBA,18.11,13.58,0,0.25,4.0500,4.1300,5.6000,
$50 NBA Daily 8/13,2020-08-13T22:38:45.211472,estk_4a80d234351242d21b8140bc473f9c23,evt_4a80d234351242d2,Drew Eubanks,NBA,17.13,12.85,0,0.25,3.8300,3.7100,5.4000,
$50 NBA Daily 8/13,2020-08-13T22:38:45.211476,estk_4a80d234351242d2e7c2f9e4f390b941,evt_4a80d234351242d2,Tony Bradley,NBA,16.59,12.44,0,0.25,3.7400,3.6000,5.2700,2.1700
$50 NBA Daily 8/13,2020-08-13T22:38:45.211480,estk_4a80d234351242d2574634846501d886,evt_4a80d234351242d2,Royce O'Neale,NBA,16.49,12.37,0,0.25,3.6900,5.2300,5.2300,4.9000
$50 NBA Daily 8/13,2020-08-13T22:38:45.211494,estk_4a80d234351242d2b739004a5d0b4c8a,evt_4a80d234351242d2,Georges Niang,NBA,14.69,11.02,0,0.25,3.3100,4.8700,4.8700,1.7400
$50 NBA Daily 8/13,2020-08-13T22:38:45.211512,estk_4a80d234351242d20bf89af99c16eece,evt_4a80d234351242d2,Bryn Forbes,NBA,0,0,0,0.25,1.0000,2.5200,2.5200,
$50 NBA Daily 8/13,2020-08-13T22:38:45.211515,estk_4a80d234351242d22d5eb9139e57478c,evt_4a80d234351242d2,Rudy Gobert,NBA,0,0,0,0.25,1.0000,2.5200,2.5200,
$50 NBA Daily 8/13,2020-08-13T22:38:45.211519,estk_4a80d234351242d22c3266def21aaa4b,evt_4a80d234351242d2,Mike Conley,NBA,0,0,0,0.25,1.0000,1.8500,2.5200,
$50 NBA Daily 8/13,2020-08-13T22:38:45.211526,estk_4a80d234351242d23492ddf6c0c1365d,evt_4a80d234351242d2,Patty Mills,NBA,0,0,0,0.25,1.0000,2.5200,2.5200,2.2500
$50 NBA Daily 8/13,2020-08-13T22:40:47.639299,estk_4a80d234351242d2d990c82c4ca85db2,evt_4a80d234351242d2,DeMar DeRozan,NBA,32.12,31.16,0,0.03,6.0000,8.3600,7.6200,4.4000
$50 NBA Daily 8/13,2020-08-13T22:40:47.639327,estk_4a80d234351242d29ff8269f39a3a9ef,evt_4a80d234351242d2,Dejounte Murray,NBA,27.32,29,2.5,0.03,4.8000,6.5300,6.4000,3.2000
$50 NBA Daily 8/13,2020-08-13T22:40:47.639341,estk_4a80d234351242d266ecfa0bb24ccc58,evt_4a80d234351242d2,Donovan Mitchell,NBA,25.95,31.42,6.25,0.03,4.4900,6.1600,6.0800,2.9500
$50 NBA Daily 8/13,2020-08-13T22:40:47.639349,estk_4a80d234351242d26f4d2e8b1bb4befa,evt_4a80d234351242d2,Jakob Poeltl,NBA,23.45,24.75,2,0.03,4.0100,5.3600,5.5900,2.5100
$50 NBA Daily 8/13,2020-08-13T22:40:47.639363,estk_4a80d234351242d21fa4838d30549dd8,evt_4a80d234351242d2,Derrick White,NBA,22.05,21.39,0,0.03,3.7100,4.9300,5.2800,2.5100
$50 NBA Daily 8/13,2020-08-13T22:40:47.639367,estk_4a80d234351242d2b1f75a880e970eed,evt_4a80d234351242d2,Jordan Clarkson,NBA,20.82,21.7,1.5,0.03,3.5300,4.6300,5.1000,2.6700
$50 NBA Daily 8/13,2020-08-13T22:40:47.639371,estk_4a80d234351242d22ed463b920700b5c,evt_4a80d234351242d2,Rudy Gay,NBA,19.76,19.17,0,0.03,3.3400,4.3500,4.9100,1.7700
$50 NBA Daily 8/13,2020-08-13T22:40:47.639378,estk_4a80d234351242d247fcee6df283df96,evt_4a80d234351242d2,Joe Ingles,NBA,18.11,17.57,0,0.03,3.0600,4.1300,4.6200,1.5200
$50 NBA Daily 8/13,2020-08-13T22:40:47.639382,estk_4a80d234351242d21b8140bc473f9c23,evt_4a80d234351242d2,Drew Eubanks,NBA,17.13,16.62,0,0.03,2.9300,3.7100,4.4900,1.3700
$50 NBA Daily 8/13,2020-08-13T22:40:47.639386,estk_4a80d234351242d2e7c2f9e4f390b941,evt_4a80d234351242d2,Tony Bradley,NBA,16.59,18.09,2,0.03,2.8400,3.6000,4.4000,1.3000
$50 NBA Daily 8/13,2020-08-13T22:40:47.639390,estk_4a80d234351242d2574634846501d886,evt_4a80d234351242d2,Royce O'Neale,NBA,16.49,19.5,3.5,0.03,2.8200,4.9000,4.3800,1.8200
$50 NBA Daily 8/13,2020-08-13T22:40:47.639394,estk_4a80d234351242d2b739004a5d0b4c8a,evt_4a80d234351242d2,Georges Niang,NBA,14.69,14.25,0,0.03,2.5700,4.8700,4.0900,1.7400
$50 NBA Daily 8/13,2020-08-13T22:40:47.639406,estk_4a80d234351242d20bf89af99c16eece,evt_4a80d234351242d2,Bryn Forbes,NBA,0,0,0,0.03,1.0000,2.5200,2.5200,
$50 NBA Daily 8/13,2020-08-13T22:40:47.639410,estk_4a80d234351242d22d5eb9139e57478c,evt_4a80d234351242d2,Rudy Gobert,NBA,0,0,0,0.03,1.0000,2.5200,2.5200,2.5100
$50 NBA Daily 8/13,2020-08-13T22:40:47.639413,estk_4a80d234351242d22c3266def21aaa4b,evt_4a80d234351242d2,Mike Conley,NBA,0,0,0,0.03,1.0000,1.8500,2.5200,
$50 NBA Daily 8/13,2020-08-13T22:40:47.639421,estk_4a80d234351242d23492ddf6c0c1365d,evt_4a80d234351242d2,Patty Mills,NBA,0,0,0,0.03,1.0000,2.5200,2.5200,
$50 NBA Daily 8/13,2020-08-13T22:41:48.837931,estk_4a80d234351242d266ecfa0bb24ccc58,evt_4a80d234351242d2,Donovan Mitchell,NBA,25.95,34.4,9.75,0.05,8.2900,6.0800,6.0800,2.9500
$50 NBA Daily 8/13,2020-08-13T22:41:48.837941,estk_4a80d234351242d2d990c82c4ca85db2,evt_4a80d234351242d2,DeMar DeRozan,NBA,32.12,30.51,0,0.05,8.1600,8.3600,7.6200,6.5000
$50 NBA Daily 8/13,2020-08-13T22:41:48.837945,estk_4a80d234351242d29ff8269f39a3a9ef,evt_4a80d234351242d2,Dejounte Murray,NBA,27.32,27.95,2,0.05,7.3900,6.5300,6.4000,5.7400
$50 NBA Daily 8/13,2020-08-13T22:41:48.837960,estk_4a80d234351242d26f4d2e8b1bb4befa,evt_4a80d234351242d2,Jakob Poeltl,NBA,23.45,24.28,2,0.05,5.8000,5.3600,5.5900,4.1800
$50 NBA Daily 8/13,2020-08-13T22:41:48.837976,estk_4a80d234351242d2b1f75a880e970eed,evt_4a80d234351242d2,Jordan Clarkson,NBA,20.82,21.28,1.5,0.05,4.9200,4.6300,5.1000,3.3200
$50 NBA Daily 8/13,2020-08-13T22:41:48.837980,estk_4a80d234351242d21fa4838d30549dd8,evt_4a80d234351242d2,Derrick White,NBA,22.05,20.95,0,0.05,4.7500,4.9300,5.2800,3.1600
$50 NBA Daily 8/13,2020-08-13T22:41:48.837994,estk_4a80d234351242d2574634846501d886,evt_4a80d234351242d2,Royce O'Neale,NBA,16.49,20.42,4.75,0.05,4.3300,4.9000,4.3800,2.7400
$50 NBA Daily 8/13,2020-08-13T22:41:48.838005,estk_4a80d234351242d22ed463b920700b5c,evt_4a80d234351242d2,Rudy Gay,NBA,19.76,18.77,0,0.05,4.2000,4.3500,4.9100,2.6200
$50 NBA Daily 8/13,2020-08-13T22:41:48.838016,estk_4a80d234351242d2e7c2f9e4f390b941,evt_4a80d234351242d2,Tony Bradley,NBA,16.59,17.76,2,0.05,3.9200,3.6000,4.4000,2.3400
$50 NBA Daily 8/13,2020-08-13T22:41:48.838019,estk_4a80d234351242d247fcee6df283df96,evt_4a80d234351242d2,Joe Ingles,NBA,18.11,17.2,0,0.05,3.8200,4.1300,4.6200,2.2400
$50 NBA Daily 8/13,2020-08-13T22:41:48.838023,estk_4a80d234351242d21b8140bc473f9c23,evt_4a80d234351242d2,Drew Eubanks,NBA,17.13,16.27,0,0.05,3.5900,3.7100,4.4900,2.0200
$50 NBA Daily 8/13,2020-08-13T22:41:48.838042,estk_4a80d234351242d2b739004a5d0b4c8a,evt_4a80d234351242d2,Georges Niang,NBA,14.69,13.96,0,0.05,3.1000,4.8700,4.0900,1.7400
$50 NBA Daily 8/13,2020-08-13T22:41:48.838056,estk_4a80d234351242d20bf89af99c16eece,evt_4a80d234351242d2,Bryn Forbes,NBA,0,0,0,0.05,1.0000,2.5200,2.5200,
$50 NBA Daily 8/13,2020-08-13T22:41:48.838060,estk_4a80d234351242d22d5eb9139e57478c,evt_4a80d234351242d2,Rudy Gobert,NBA,0,0,0,0.05,1.0000,2.5200,2.5200,2.5100
$50 NBA Daily 8/13,2020-08-13T22:41:48.838063,estk_4a80d234351242d22c3266def21aaa4b,evt_4a80d234351242d2,Mike Conley,NBA,0,0,0,0.05,1.0000,1.8500,2.5200,
$50 NBA Daily 8/13,2020-08-13T22:41:48.838071,estk_4a80d234351242d23492ddf6c0c1365d,evt_4a80d234351242d2,Patty Mills,NBA,0,0,0,0.05,1.0000,2.5200,2.5200,
$50 NBA Daily 8/13,2020-08-13T22:46:54.707071,estk_4a80d234351242d266ecfa0bb24ccc58,evt_4a80d234351242d2,Donovan Mitchell,NBA,25.95,33.88,9.75,0.07,9.6100,6.0800,11.2500,7.9200
$50 NBA Daily 8/13,2020-08-13T22:46:54.707091,estk_4a80d234351242d2d990c82c4ca85db2,evt_4a80d234351242d2,DeMar DeRozan,NBA,32.12,29.87,0,0.07,7.9300,8.3600,9.5500,6.5000
$50 NBA Daily 8/13,2020-08-13T22:46:54.707095,estk_4a80d234351242d29ff8269f39a3a9ef,evt_4a80d234351242d2,Dejounte Murray,NBA,27.32,27.41,2,0.07,6.9000,6.5300,8.4600,5.7400
$50 NBA Daily 8/13,2020-08-13T22:46:54.707113,estk_4a80d234351242d26f4d2e8b1bb4befa,evt_4a80d234351242d2,Jakob Poeltl,NBA,23.45,25.31,3.5,0.07,5.6700,5.3600,7.1800,4.1800
$50 NBA Daily 8/13,2020-08-13T22:46:54.707125,estk_4a80d234351242d2b1f75a880e970eed,evt_4a80d234351242d2,Jordan Clarkson,NBA,20.82,20.36,1,0.07,4.7400,4.6300,6.3000,3.3200
$50 NBA Daily 8/13,2020-08-13T22:46:54.707136,estk_4a80d234351242d21fa4838d30549dd8,evt_4a80d234351242d2,Derrick White,NBA,22.05,20.51,0,0.07,4.6100,4.9300,6.2600,3.1600
$50 NBA Daily 8/13,2020-08-13T22:46:54.707143,estk_4a80d234351242d2574634846501d886,evt_4a80d234351242d2,Royce O'Neale,NBA,16.49,20.09,4.75,0.07,4.5000,4.9000,5.9200,2.9400
$50 NBA Daily 8/13,2020-08-13T22:46:54.707157,estk_4a80d234351242d22ed463b920700b5c,evt_4a80d234351242d2,Rudy Gay,NBA,19.76,18.38,0,0.07,4.0600,4.3500,5.6300,2.6200
$50 NBA Daily 8/13,2020-08-13T22:46:54.707164,estk_4a80d234351242d2e7c2f9e4f390b941,evt_4a80d234351242d2,Tony Bradley,NBA,16.59,19.43,4,0.07,3.7800,3.6000,5.4100,2.3400
$50 NBA Daily 8/13,2020-08-13T22:46:54.707168,estk_4a80d234351242d247fcee6df283df96,evt_4a80d234351242d2,Joe Ingles,NBA,18.11,18.34,1.5,0.07,3.7200,4.1300,5.2300,2.2400
$50 NBA Daily 8/13,2020-08-13T22:46:54.707175,estk_4a80d234351242d21b8140bc473f9c23,evt_4a80d234351242d2,Drew Eubanks,NBA,17.13,15.93,0,0.07,3.5000,3.7100,5.0500,2.0200
$50 NBA Daily 8/13,2020-08-13T22:46:54.707190,estk_4a80d234351242d2b739004a5d0b4c8a,evt_4a80d234351242d2,Georges Niang,NBA,14.69,13.66,0,0.07,3.0200,4.8700,4.6100,1.7400
$50 NBA Daily 8/13,2020-08-13T22:46:54.707204,estk_4a80d234351242d20bf89af99c16eece,evt_4a80d234351242d2,Bryn Forbes,NBA,0,0,0,0.07,1.0000,2.5200,2.5200,
$50 NBA Daily 8/13,2020-08-13T22:46:54.707208,estk_4a80d234351242d22d5eb9139e57478c,evt_4a80d234351242d2,Rudy Gobert,NBA,0,0,0,0.07,1.0000,2.5200,2.5200,
$50 NBA Daily 8/13,2020-08-13T22:46:54.707212,estk_4a80d234351242d22c3266def21aaa4b,evt_4a80d234351242d2,Mike Conley,NBA,0,0,0,0.07,1.0000,1.8500,2.5200,
$50 NBA Daily 8/13,2020-08-13T22:46:54.707219,estk_4a80d234351242d23492ddf6c0c1365d,evt_4a80d234351242d2,Patty Mills,NBA,0,0,0,0.07,1.0000,2.5200,2.5200,
$50 NBA Daily 8/13,2020-08-13T22:47:55.785085,estk_4a80d234351242d266ecfa0bb24ccc58,evt_4a80d234351242d2,Donovan Mitchell,NBA,25.95,33.62,9.75,0.08,9.3700,6.0800,11.2500,7.9200
$50 NBA Daily 8/13,2020-08-13T22:47:55.785105,estk_4a80d234351242d2d990c82c4ca85db2,evt_4a80d234351242d2,DeMar DeRozan,NBA,32.12,29.55,0,0.08,7.7000,8.3600,9.5500,6.5000
$50 NBA Daily 8/13,2020-08-13T22:47:55.785109,estk_4a80d234351242d29ff8269f39a3a9ef,evt_4a80d234351242d2,Dejounte Murray,NBA,27.32,27.13,2,0.08,6.6800,6.5300,8.4600,5.7400
$50 NBA Daily 8/13,2020-08-13T22:47:55.785124,estk_4a80d234351242d26f4d2e8b1bb4befa,evt_4a80d234351242d2,Jakob Poeltl,NBA,23.45,25.07,3.5,0.08,5.9200,5.3600,7.1800,4.3000
$50 NBA Daily 8/13,2020-08-13T22:47:55.785149,estk_4a80d234351242d21fa4838d30549dd8,evt_4a80d234351242d2,Derrick White,NBA,22.05,20.29,0,0.08,4.4800,4.9300,6.2600,3.1600
$50 NBA Daily 8/13,2020-08-13T22:47:55.785153,estk_4a80d234351242d2574634846501d886,evt_4a80d234351242d2,Royce O'Neale,NBA,16.49,21.92,6.75,0.08,4.4500,4.9000,5.9200,2.9400
$50 NBA Daily 8/13,2020-08-13T22:47:55.785156,estk_4a80d234351242d2b1f75a880e970eed,evt_4a80d234351242d2,Jordan Clarkson,NBA,20.82,20.15,1,0.08,4.4200,4.6300,6.3000,3.3200
$50 NBA Daily 8/13,2020-08-13T22:47:55.785165,estk_4a80d234351242d2e7c2f9e4f390b941,evt_4a80d234351242d2,Tony Bradley,NBA,16.59,19.26,4,0.08,4.2100,3.6000,5.4100,2.6300
$50 NBA Daily 8/13,2020-08-13T22:47:55.785179,estk_4a80d234351242d22ed463b920700b5c,evt_4a80d234351242d2,Rudy Gay,NBA,19.76,18.18,0,0.08,3.9500,4.3500,5.6300,2.6200
$50 NBA Daily 8/13,2020-08-13T22:47:55.785183,estk_4a80d234351242d247fcee6df283df96,evt_4a80d234351242d2,Joe Ingles,NBA,18.11,18.16,1.5,0.08,3.9300,4.1300,5.2300,2.3500
$50 NBA Daily 8/13,2020-08-13T22:47:55.785190,estk_4a80d234351242d21b8140bc473f9c23,evt_4a80d234351242d2,Drew Eubanks,NBA,17.13,15.76,0,0.08,3.4100,3.7100,5.0500,2.0200
$50 NBA Daily 8/13,2020-08-13T22:47:55.785204,estk_4a80d234351242d2b739004a5d0b4c8a,evt_4a80d234351242d2,Georges Niang,NBA,14.69,13.51,0,0.08,2.9400,4.8700,4.6100,1.7400
$50 NBA Daily 8/13,2020-08-13T22:47:55.785219,estk_4a80d234351242d20bf89af99c16eece,evt_4a80d234351242d2,Bryn Forbes,NBA,0,0,0,0.08,1.0000,2.5200,2.5200,
$50 NBA Daily 8/13,2020-08-13T22:47:55.785222,estk_4a80d234351242d22d5eb9139e57478c,evt_4a80d234351242d2,Rudy Gobert,NBA,0,0,0,0.08,1.0000,2.5200,2.5200,
$50 NBA Daily 8/13,2020-08-13T22:47:55.785226,estk_4a80d234351242d22c3266def21aaa4b,evt_4a80d234351242d2,Mike Conley,NBA,0,0,0,0.08,1.0000,1.8500,2.5200,
$50 NBA Daily 8/13,2020-08-13T22:47:55.785234,estk_4a80d234351242d23492ddf6c0c1365d,evt_4a80d234351242d2,Patty Mills,NBA,0,0,0,0.08,1.0000,2.5200,2.5200,
$50 NBA Daily 8/13,2020-08-13T22:48:56.811324,estk_4a80d234351242d266ecfa0bb24ccc58,evt_4a80d234351242d2,Donovan Mitchell,NBA,25.95,32.35,9.25,0.11,9.2100,6.0800,11.2500,7.9200
$50 NBA Daily 8/13,2020-08-13T22:48:56.811345,estk_4a80d234351242d2d990c82c4ca85db2,evt_4a80d234351242d2,DeMar DeRozan,NBA,32.12,28.59,0,0.11,7.4800,8.3600,9.5500,6.5000
$50 NBA Daily 8/13,2020-08-13T22:48:56.811349,estk_4a80d234351242d29ff8269f39a3a9ef,evt_4a80d234351242d2,Dejounte Murray,NBA,27.32,29.06,4.75,0.11,6.6200,6.5300,8.4600,5.3000
$50 NBA Daily 8/13,2020-08-13T22:48:56.811363,estk_4a80d234351242d26f4d2e8b1bb4befa,evt_4a80d234351242d2,Jakob Poeltl,NBA,23.45,28.37,7.5,0.11,5.8600,5.3600,7.1800,4.3000
$50 NBA Daily 8/13,2020-08-13T22:48:56.811378,estk_4a80d234351242d2574634846501d886,evt_4a80d234351242d2,Royce O'Neale,NBA,16.49,21.43,6.75,0.11,4.9200,4.9000,6.0600,3.3200
$50 NBA Daily 8/13,2020-08-13T22:48:56.811392,estk_4a80d234351242d21fa4838d30549dd8,evt_4a80d234351242d2,Derrick White,NBA,22.05,19.62,0,0.11,4.4400,4.9300,6.2600,3.1600
$50 NBA Daily 8/13,2020-08-13T22:48:56.811396,estk_4a80d234351242d2b1f75a880e970eed,evt_4a80d234351242d2,Jordan Clarkson,NBA,20.82,19.03,0.5,0.11,4.3600,4.6300,5.9500,3.3200
$50 NBA Daily 8/13,2020-08-13T22:48:56.811410,estk_4a80d234351242d2e7c2f9e4f390b941,evt_4a80d234351242d2,Tony Bradley,NBA,16.59,20.02,5.25,0.11,4.1200,3.6000,5.4100,2.6300
$50 NBA Daily 8/13,2020-08-13T22:48:56.811418,estk_4a80d234351242d22ed463b920700b5c,evt_4a80d234351242d2,Rudy Gay,NBA,19.76,17.59,0,0.11,3.9200,4.3500,5.6300,2.6200
$50 NBA Daily 8/13,2020-08-13T22:48:56.811422,estk_4a80d234351242d247fcee6df283df96,evt_4a80d234351242d2,Joe Ingles,NBA,18.11,17.62,1.5,0.11,3.8600,4.1300,5.2300,2.3500
$50 NBA Daily 8/13,2020-08-13T22:48:56.811433,estk_4a80d234351242d21b8140bc473f9c23,evt_4a80d234351242d2,Drew Eubanks,NBA,17.13,15.25,0,0.11,3.3800,3.7100,5.0500,2.0200
$50 NBA Daily 8/13,2020-08-13T22:48:56.811444,estk_4a80d234351242d2b739004a5d0b4c8a,evt_4a80d234351242d2,Georges Niang,NBA,14.69,13.07,0,0.11,2.9000,4.8700,4.6100,1.7400
$50 NBA Daily 8/13,2020-08-13T22:48:56.811458,estk_4a80d234351242d20bf89af99c16eece,evt_4a80d234351242d2,Bryn Forbes,NBA,0,0,0,0.11,1.0000,2.5200,2.5200,
$50 NBA Daily 8/13,2020-08-13T22:48:56.811462,estk_4a80d234351242d22d5eb9139e57478c,evt_4a80d234351242d2,Rudy Gobert,NBA,0,0,0,0.11,1.0000,2.5200,2.5200,
$50 NBA Daily 8/13,2020-08-13T22:48:56.811466,estk_4a80d234351242d22c3266def21aaa4b,evt_4a80d234351242d2,Mike Conley,NBA,0,0,0,0.11,1.0000,1.8500,2.5200,
$50 NBA Daily 8/13,2020-08-13T22:48:56.811473,estk_4a80d234351242d23492ddf6c0c1365d,evt_4a80d234351242d2,Patty Mills,NBA,0,0,0,0.11,1.0000,2.5200,2.5200,
$50 NBA Daily 8/13,2020-08-13T22:49:57.896466,estk_4a80d234351242d266ecfa0bb24ccc58,evt_4a80d234351242d2,Donovan Mitchell,NBA,25.95,32.09,9.25,0.12,8.6900,6.0800,11.2500,7.9200
$50 NBA Daily 8/13,2020-08-13T22:49:57.896479,estk_4a80d234351242d29ff8269f39a3a9ef,evt_4a80d234351242d2,Dejounte Murray,NBA,27.32,30.79,6.75,0.12,7.2900,6.5300,8.4600,5.6400
$50 NBA Daily 8/13,2020-08-13T22:49:57.896483,estk_4a80d234351242d2d990c82c4ca85db2,evt_4a80d234351242d2,DeMar DeRozan,NBA,32.12,28.27,0,0.12,7.1600,8.3600,8.8000,6.5000
$50 NBA Daily 8/13,2020-08-13T22:49:57.896487,estk_4a80d234351242d26f4d2e8b1bb4befa,evt_4a80d234351242d2,Jakob Poeltl,NBA,23.45,28.14,7.5,0.12,7.0300,5.3600,7.1800,4.3000
$50 NBA Daily 8/13,2020-08-13T22:49:57.896520,estk_4a80d234351242d2574634846501d886,evt_4a80d234351242d2,Royce O'Neale,NBA,16.49,21.26,6.75,0.12,4.6800,4.9000,6.0600,3.3200
$50 NBA Daily 8/13,2020-08-13T22:49:57.896527,estk_4a80d234351242d2e7c2f9e4f390b941,evt_4a80d234351242d2,Tony Bradley,NBA,16.59,19.85,5.25,0.12,4.3100,3.6000,5.4100,2.6300
$50 NBA Daily 8/13,2020-08-13T22:49:57.896542,estk_4a80d234351242d21fa4838d30549dd8,evt_4a80d234351242d2,Derrick White,NBA,22.05,19.4,0,0.12,4.2200,4.9300,6.2600,3.1600
$50 NBA Daily 8/13,2020-08-13T22:49:57.896553,estk_4a80d234351242d2b1f75a880e970eed,evt_4a80d234351242d2,Jordan Clarkson,NBA,20.82,18.82,0.5,0.12,4.0300,4.6300,5.6100,3.3200
$50 NBA Daily 8/13,2020-08-13T22:49:57.896557,estk_4a80d234351242d22ed463b920700b5c,evt_4a80d234351242d2,Rudy Gay,NBA,19.76,17.39,0,0.12,3.7100,4.3500,5.6300,2.6200
$50 NBA Daily 8/13,2020-08-13T22:49:57.896561,estk_4a80d234351242d247fcee6df283df96,evt_4a80d234351242d2,Joe Ingles,NBA,18.11,20.94,5,0.12,3.7100,4.1300,5.2300,2.3500
$50 NBA Daily 8/13,2020-08-13T22:49:57.896579,estk_4a80d234351242d21b8140bc473f9c23,evt_4a80d234351242d2,Drew Eubanks,NBA,17.13,15.07,0,0.12,3.1900,3.7100,5.0500,2.0200
$50 NBA Daily 8/13,2020-08-13T22:49:57.896582,estk_4a80d234351242d2b739004a5d0b4c8a,evt_4a80d234351242d2,Georges Niang,NBA,14.69,12.93,0,0.12,2.8000,4.8700,4.6100,1.7400
$50 NBA Daily 8/13,2020-08-13T22:49:57.896597,estk_4a80d234351242d20bf89af99c16eece,evt_4a80d234351242d2,Bryn Forbes,NBA,0,0,0,0.12,1.0000,2.5200,2.5200,
$50 NBA Daily 8/13,2020-08-13T22:49:57.896601,estk_4a80d234351242d22d5eb9139e57478c,evt_4a80d234351242d2,Rudy Gobert,NBA,0,0,0,0.12,1.0000,2.5200,2.5200,
$50 NBA Daily 8/13,2020-08-13T22:49:57.896604,estk_4a80d234351242d22c3266def21aaa4b,evt_4a80d234351242d2,Mike Conley,NBA,0,0,0,0.12,1.0000,1.8500,2.5200,
$50 NBA Daily 8/13,2020-08-13T22:49:57.896612,estk_4a80d234351242d23492ddf6c0c1365d,evt_4a80d234351242d2,Patty Mills,NBA,0,0,0,0.12,1.0000,2.5200,2.5200,
$50 NBA Daily 8/13,2020-08-13T22:52:00.446970,estk_4a80d234351242d266ecfa0bb24ccc58,evt_4a80d234351242d2,Donovan Mitchell,NBA,25.95,37.82,15.5,0.14,8.4900,6.0800,10.1600,7.5300
$50 NBA Daily 8/13,2020-08-13T22:52:00.446980,estk_4a80d234351242d29ff8269f39a3a9ef,evt_4a80d234351242d2,Dejounte Murray,NBA,27.32,29.75,6.25,0.14,7.9300,6.5300,9.5900,6.2700
$50 NBA Daily 8/13,2020-08-13T22:52:00.446984,estk_4a80d234351242d2d990c82c4ca85db2,evt_4a80d234351242d2,DeMar DeRozan,NBA,32.12,27.62,0,0.14,6.9400,8.3600,8.5800,6.0500
$50 NBA Daily 8/13,2020-08-13T22:52:00.446987,estk_4a80d234351242d26f4d2e8b1bb4befa,evt_4a80d234351242d2,Jakob Poeltl,NBA,23.45,29.67,9.5,0.14,6.8900,5.3600,8.5300,5.2600
$50 NBA Daily 8/13,2020-08-13T22:52:00.447021,estk_4a80d234351242d2574634846501d886,evt_4a80d234351242d2,Royce O'Neale,NBA,16.49,20.93,6.75,0.14,4.6100,4.9000,6.0600,3.3200
$50 NBA Daily 8/13,2020-08-13T22:52:00.447028,estk_4a80d234351242d247fcee6df283df96,evt_4a80d234351242d2,Joe Ingles,NBA,18.11,20.57,5,0.14,4.5200,4.1300,6.1100,2.9800
$50 NBA Daily 8/13,2020-08-13T22:52:00.447040,estk_4a80d234351242d2e7c2f9e4f390b941,evt_4a80d234351242d2,Tony Bradley,NBA,16.59,21.52,7.25,0.14,4.2000,3.6000,5.4100,2.6500
$50 NBA Daily 8/13,2020-08-13T22:52:00.447043,estk_4a80d234351242d21fa4838d30549dd8,evt_4a80d234351242d2,Derrick White,NBA,22.05,18.96,0,0.14,4.1100,4.9300,5.6500,3.1600
$50 NBA Daily 8/13,2020-08-13T22:52:00.447054,estk_4a80d234351242d2b1f75a880e970eed,evt_4a80d234351242d2,Jordan Clarkson,NBA,20.82,18.41,0.5,0.14,3.9300,4.6300,5.5100,3.0400
$50 NBA Daily 8/13,2020-08-13T22:52:00.447058,estk_4a80d234351242d22ed463b920700b5c,evt_4a80d234351242d2,Rudy Gay,NBA,19.76,16.99,0,0.14,3.6100,4.3500,5.1800,2.6200
$50 NBA Daily 8/13,2020-08-13T22:52:00.447076,estk_4a80d234351242d21b8140bc473f9c23,evt_4a80d234351242d2,Drew Eubanks,NBA,17.13,14.73,0,0.14,3.1200,3.7100,5.0500,2.0200
$50 NBA Daily 8/13,2020-08-13T22:52:00.447080,estk_4a80d234351242d2b739004a5d0b4c8a,evt_4a80d234351242d2,Georges Niang,NBA,14.69,12.63,0,0.14,2.7300,4.8700,4.6100,1.7400
$50 NBA Daily 8/13,2020-08-13T22:52:00.447094,estk_4a80d234351242d20bf89af99c16eece,evt_4a80d234351242d2,Bryn Forbes,NBA,0,0,0,0.14,1.0000,2.5200,2.5200,
$50 NBA Daily 8/13,2020-08-13T22:52:00.447098,estk_4a80d234351242d22d5eb9139e57478c,evt_4a80d234351242d2,Rudy Gobert,NBA,0,0,0,0.14,1.0000,2.5200,2.5200,
$50 NBA Daily 8/13,2020-08-13T22:52:00.447102,estk_4a80d234351242d22c3266def21aaa4b,evt_4a80d234351242d2,Mike Conley,NBA,0,0,0,0.14,1.0000,1.8500,2.5200,
$50 NBA Daily 8/13,2020-08-13T22:52:00.447109,estk_4a80d234351242d23492ddf6c0c1365d,evt_4a80d234351242d2,Patty Mills,NBA,0,0,0,0.14,1.0000,2.5200,2.5200,
$50 NBA Daily 8/13,2020-08-13T22:53:32.091263,estk_4a80d234351242d266ecfa0bb24ccc58,evt_4a80d234351242d2,Donovan Mitchell,NBA,25.95,38.8,17,0.16,11.1100,6.0800,12.7500,9.3900
$50 NBA Daily 8/13,2020-08-13T22:53:32.091288,estk_4a80d234351242d29ff8269f39a3a9ef,evt_4a80d234351242d2,Dejounte Murray,NBA,27.32,32.2,9.25,0.16,7.4700,6.5300,9.0900,6.2700
$50 NBA Daily 8/13,2020-08-13T22:53:32.091292,estk_4a80d234351242d26f4d2e8b1bb4befa,evt_4a80d234351242d2,Jakob Poeltl,NBA,23.45,28.7,9,0.16,7.3700,5.3600,8.5300,5.7000
$50 NBA Daily 8/13,2020-08-13T22:53:32.091296,estk_4a80d234351242d2d990c82c4ca85db2,evt_4a80d234351242d2,DeMar DeRozan,NBA,32.12,26.98,0,0.16,6.5900,8.3600,8.2000,5.5200
$50 NBA Daily 8/13,2020-08-13T22:53:32.091326,estk_4a80d234351242d2e7c2f9e4f390b941,evt_4a80d234351242d2,Tony Bradley,NBA,16.59,23.19,9.25,0.16,4.6100,3.6000,6.2000,3.0200
$50 NBA Daily 8/13,2020-08-13T22:53:32.091337,estk_4a80d234351242d2574634846501d886,evt_4a80d234351242d2,Royce O'Neale,NBA,16.49,20.6,6.75,0.16,4.4000,4.9000,6.0600,3.3200
$50 NBA Daily 8/13,2020-08-13T22:53:32.091340,estk_4a80d234351242d247fcee6df283df96,evt_4a80d234351242d2,Joe Ingles,NBA,18.11,20.21,5,0.16,4.3100,4.1300,5.8800,2.9800
$50 NBA Daily 8/13,2020-08-13T22:53:32.091359,estk_4a80d234351242d21fa4838d30549dd8,evt_4a80d234351242d2,Derrick White,NBA,22.05,18.52,0,0.16,3.9200,4.9300,5.4700,3.0300
$50 NBA Daily 8/13,2020-08-13T22:53:32.091362,estk_4a80d234351242d2b1f75a880e970eed,evt_4a80d234351242d2,Jordan Clarkson,NBA,20.82,17.99,0.5,0.16,3.7800,4.6300,5.3400,2.8300
$50 NBA Daily 8/13,2020-08-13T22:53:32.091370,estk_4a80d234351242d22ed463b920700b5c,evt_4a80d234351242d2,Rudy Gay,NBA,19.76,16.6,0,0.16,3.4500,4.3500,5.0200,2.6200
$50 NBA Daily 8/13,2020-08-13T22:53:32.091384,estk_4a80d234351242d21b8140bc473f9c23,evt_4a80d234351242d2,Drew Eubanks,NBA,17.13,14.39,0,0.16,2.9800,3.7100,4.5400,2.0200
$50 NBA Daily 8/13,2020-08-13T22:53:32.091391,estk_4a80d234351242d2b739004a5d0b4c8a,evt_4a80d234351242d2,Georges Niang,NBA,14.69,12.34,0,0.16,2.6500,4.8700,4.6100,1.7400
$50 NBA Daily 8/13,2020-08-13T22:53:32.091402,estk_4a80d234351242d20bf89af99c16eece,evt_4a80d234351242d2,Bryn Forbes,NBA,0,0,0,0.16,1.0000,2.5200,2.5200,
$50 NBA Daily 8/13,2020-08-13T22:53:32.091406,estk_4a80d234351242d22d5eb9139e57478c,evt_4a80d234351242d2,Rudy Gobert,NBA,0,0,0,0.16,1.0000,2.5200,2.5200,
$50 NBA Daily 8/13,2020-08-13T22:53:32.091410,estk_4a80d234351242d22c3266def21aaa4b,evt_4a80d234351242d2,Mike Conley,NBA,0,0,0,0.16,1.0000,1.8500,2.5200,
$50 NBA Daily 8/13,2020-08-13T22:53:32.091417,estk_4a80d234351242d23492ddf6c0c1365d,evt_4a80d234351242d2,Patty Mills,NBA,0,0,0,0.16,1.0000,2.5200,2.5200,
$50 NBA Daily 8/13,2020-08-13T22:55:34.655155,estk_4a80d234351242d266ecfa0bb24ccc58,evt_4a80d234351242d2,Donovan Mitchell,NBA,25.95,40.54,19,0.17,11.5100,6.0800,12.7500,9.7700
$50 NBA Daily 8/13,2020-08-13T22:55:34.655177,estk_4a80d234351242d29ff8269f39a3a9ef,evt_4a80d234351242d2,Dejounte Murray,NBA,27.32,31.93,9.25,0.17,8.4100,6.5300,10.0800,6.2700
$50 NBA Daily 8/13,2020-08-13T22:55:34.655185,estk_4a80d234351242d26f4d2e8b1bb4befa,evt_4a80d234351242d2,Jakob Poeltl,NBA,23.45,30.46,11,0.17,6.9700,5.3600,8.5300,5.7200
$50 NBA Daily 8/13,2020-08-13T22:55:34.655196,estk_4a80d234351242d2d990c82c4ca85db2,evt_4a80d234351242d2,DeMar DeRozan,NBA,32.12,26.66,0,0.17,6.2400,8.3600,7.8600,5.3300
$50 NBA Daily 8/13,2020-08-13T22:55:34.655214,estk_4a80d234351242d2e7c2f9e4f390b941,evt_4a80d234351242d2,Tony Bradley,NBA,16.59,23.02,9.25,0.17,5.0700,3.6000,6.6700,3.5100
$50 NBA Daily 8/13,2020-08-13T22:55:34.655228,estk_4a80d234351242d2574634846501d886,evt_4a80d234351242d2,Royce O'Neale,NBA,16.49,20.44,6.75,0.17,4.3200,4.9000,6.0600,3.3200
$50 NBA Daily 8/13,2020-08-13T22:55:34.655236,estk_4a80d234351242d247fcee6df283df96,evt_4a80d234351242d2,Joe Ingles,NBA,18.11,20.03,5,0.17,4.2100,4.1300,5.8800,2.9800
$50 NBA Daily 8/13,2020-08-13T22:55:34.655250,estk_4a80d234351242d21fa4838d30549dd8,evt_4a80d234351242d2,Derrick White,NBA,22.05,18.3,0,0.17,3.7500,4.9300,5.4700,2.8900
$50 NBA Daily 8/13,2020-08-13T22:55:34.655254,estk_4a80d234351242d2b1f75a880e970eed,evt_4a80d234351242d2,Jordan Clarkson,NBA,20.82,17.78,0.5,0.17,3.6700,4.6300,5.3400,2.7700
$50 NBA Daily 8/13,2020-08-13T22:55:34.655265,estk_4a80d234351242d22ed463b920700b5c,evt_4a80d234351242d2,Rudy Gay,NBA,19.76,16.4,0,0.17,3.3500,4.3500,5.0200,2.5100
$50 NBA Daily 8/13,2020-08-13T22:55:34.655276,estk_4a80d234351242d21b8140bc473f9c23,evt_4a80d234351242d2,Drew Eubanks,NBA,17.13,14.22,0,0.17,2.8800,3.7100,4.4400,2.0200
$50 NBA Daily 8/13,2020-08-13T22:55:34.655283,estk_4a80d234351242d2b739004a5d0b4c8a,evt_4a80d234351242d2,Georges Niang,NBA,14.69,12.19,0,0.17,2.5500,4.8700,4.0900,1.5400
$50 NBA Daily 8/13,2020-08-13T22:55:34.655294,estk_4a80d234351242d20bf89af99c16eece,evt_4a80d234351242d2,Bryn Forbes,NBA,0,0,0,0.17,1.0000,2.5200,2.5200,
$50 NBA Daily 8/13,2020-08-13T22:55:34.655298,estk_4a80d234351242d22d5eb9139e57478c,evt_4a80d234351242d2,Rudy Gobert,NBA,0,0,0,0.17,1.0000,2.5200,2.5200,
$50 NBA Daily 8/13,2020-08-13T22:55:34.655302,estk_4a80d234351242d22c3266def21aaa4b,evt_4a80d234351242d2,Mike Conley,NBA,0,0,0,0.17,1.0000,1.8500,2.5200,
$50 NBA Daily 8/13,2020-08-13T22:55:34.655309,estk_4a80d234351242d23492ddf6c0c1365d,evt_4a80d234351242d2,Patty Mills,NBA,0,0,0,0.17,1.0000,2.5200,2.5200,
$50 NBA Daily 8/13,2020-08-13T22:59:39.171122,estk_4a80d234351242d266ecfa0bb24ccc58,evt_4a80d234351242d2,Donovan Mitchell,NBA,25.95,40.02,19,0.19,12.3400,6.0800,14.0600,10.5700
$50 NBA Daily 8/13,2020-08-13T22:59:39.171144,estk_4a80d234351242d29ff8269f39a3a9ef,evt_4a80d234351242d2,Dejounte Murray,NBA,27.32,33.38,11.25,0.19,8.2200,6.5300,10.0800,6.5800
$50 NBA Daily 8/13,2020-08-13T22:59:39.171151,estk_4a80d234351242d26f4d2e8b1bb4befa,evt_4a80d234351242d2,Jakob Poeltl,NBA,23.45,29.99,11,0.19,7.5800,5.3600,9.2500,5.9500
$50 NBA Daily 8/13,2020-08-13T22:59:39.171163,estk_4a80d234351242d2d990c82c4ca85db2,evt_4a80d234351242d2,DeMar DeRozan,NBA,32.12,26.02,0,0.19,6.1300,8.3600,7.8600,4.9400
$50 NBA Daily 8/13,2020-08-13T22:59:39.171181,estk_4a80d234351242d2e7c2f9e4f390b941,evt_4a80d234351242d2,Tony Bradley,NBA,16.59,22.69,9.25,0.19,4.9300,3.6000,6.6700,3.5100
$50 NBA Daily 8/13,2020-08-13T22:59:39.171199,estk_4a80d234351242d2574634846501d886,evt_4a80d234351242d2,Royce O'Neale,NBA,16.49,20.11,6.75,0.19,4.1900,4.9000,6.0600,3.3200
$50 NBA Daily 8/13,2020-08-13T22:59:39.171206,estk_4a80d234351242d247fcee6df283df96,evt_4a80d234351242d2,Joe Ingles,NBA,18.11,19.67,5,0.19,4.1200,4.1300,5.8800,2.9800
$50 NBA Daily 8/13,2020-08-13T22:59:39.171218,estk_4a80d234351242d21fa4838d30549dd8,evt_4a80d234351242d2,Derrick White,NBA,22.05,17.86,0,0.19,3.7100,4.9300,5.4700,2.6400
$50 NBA Daily 8/13,2020-08-13T22:59:39.171222,estk_4a80d234351242d2b1f75a880e970eed,evt_4a80d234351242d2,Jordan Clarkson,NBA,20.82,16.36,-0.5,0.19,3.5700,4.6300,5.3400,2.6700
$50 NBA Daily 8/13,2020-08-13T22:59:39.171237,estk_4a80d234351242d22ed463b920700b5c,evt_4a80d234351242d2,Rudy Gay,NBA,19.76,16.01,0,0.19,3.2400,4.3500,5.0200,2.3700
$50 NBA Daily 8/13,2020-08-13T22:59:39.171244,estk_4a80d234351242d21b8140bc473f9c23,evt_4a80d234351242d2,Drew Eubanks,NBA,17.13,13.88,0,0.19,2.8300,3.7100,4.4400,2.0200
$50 NBA Daily 8/13,2020-08-13T22:59:39.171251,estk_4a80d234351242d2b739004a5d0b4c8a,evt_4a80d234351242d2,Georges Niang,NBA,14.69,13.15,1.25,0.19,2.5100,4.8700,4.0900,1.5400
$50 NBA Daily 8/13,2020-08-13T22:59:39.171262,estk_4a80d234351242d20bf89af99c16eece,evt_4a80d234351242d2,Bryn Forbes,NBA,0,0,0,0.19,1.0000,2.5200,2.5200,
$50 NBA Daily 8/13,2020-08-13T22:59:39.171266,estk_4a80d234351242d22d5eb9139e57478c,evt_4a80d234351242d2,Rudy Gobert,NBA,0,0,0,0.19,1.0000,2.5200,2.5200,
$50 NBA Daily 8/13,2020-08-13T22:59:39.171270,estk_4a80d234351242d22c3266def21aaa4b,evt_4a80d234351242d2,Mike Conley,NBA,0,0,0,0.19,1.0000,1.8500,2.5200,
$50 NBA Daily 8/13,2020-08-13T22:59:39.171277,estk_4a80d234351242d23492ddf6c0c1365d,evt_4a80d234351242d2,Patty Mills,NBA,0,0,0,0.19,1.0000,2.5200,2.5200,
$50 NBA Daily 8/13,2020-08-13T23:01:41.585121,estk_4a80d234351242d266ecfa0bb24ccc58,evt_4a80d234351242d2,Donovan Mitchell,NBA,25.95,39.76,19,0.2,12.0700,6.0800,14.0600,10.5700
$50 NBA Daily 8/13,2020-08-13T23:01:41.585132,estk_4a80d234351242d29ff8269f39a3a9ef,evt_4a80d234351242d2,Dejounte Murray,NBA,27.32,33.11,11.25,0.2,8.8900,6.5300,10.0800,6.5800
$50 NBA Daily 8/13,2020-08-13T23:01:41.585151,estk_4a80d234351242d26f4d2e8b1bb4befa,evt_4a80d234351242d2,Jakob Poeltl,NBA,23.45,29.76,11,0.2,7.4200,5.3600,9.2500,5.9500
$50 NBA Daily 8/13,2020-08-13T23:01:41.585166,estk_4a80d234351242d2d990c82c4ca85db2,evt_4a80d234351242d2,DeMar DeRozan,NBA,32.12,25.7,0,0.2,5.9000,8.3600,7.5200,4.9400
$50 NBA Daily 8/13,2020-08-13T23:01:41.585181,estk_4a80d234351242d2e7c2f9e4f390b941,evt_4a80d234351242d2,Tony Bradley,NBA,16.59,22.52,9.25,0.2,4.8200,3.6000,6.6700,3.5100
$50 NBA Daily 8/13,2020-08-13T23:01:41.585206,estk_4a80d234351242d2574634846501d886,evt_4a80d234351242d2,Royce O'Neale,NBA,16.49,19.94,6.75,0.2,4.1200,4.9000,5.7000,3.0200
$50 NBA Daily 8/13,2020-08-13T23:01:41.585213,estk_4a80d234351242d247fcee6df283df96,evt_4a80d234351242d2,Joe Ingles,NBA,18.11,20.24,5.75,0.2,4.0100,4.1300,5.5900,2.9800
$50 NBA Daily 8/13,2020-08-13T23:01:41.585221,estk_4a80d234351242d21fa4838d30549dd8,evt_4a80d234351242d2,Derrick White,NBA,22.05,17.64,0,0.2,3.5200,4.9300,5.0900,2.6400
$50 NBA Daily 8/13,2020-08-13T23:01:41.585236,estk_4a80d234351242d2b1f75a880e970eed,evt_4a80d234351242d2,Jordan Clarkson,NBA,20.82,16.16,-0.5,0.2,3.2300,4.6300,4.7900,2.3600
$50 NBA Daily 8/13,2020-08-13T23:01:41.585240,estk_4a80d234351242d22ed463b920700b5c,evt_4a80d234351242d2,Rudy Gay,NBA,19.76,15.81,0,0.2,3.1600,4.3500,5.0200,2.1400
$50 NBA Daily 8/13,2020-08-13T23:01:41.585247,estk_4a80d234351242d21b8140bc473f9c23,evt_4a80d234351242d2,Drew Eubanks,NBA,17.13,13.2,-0.5,0.2,2.7300,3.7100,4.4400,1.9200
$50 NBA Daily 8/13,2020-08-13T23:01:41.585251,estk_4a80d234351242d2b739004a5d0b4c8a,evt_4a80d234351242d2,Georges Niang,NBA,14.69,16.5,4.75,0.2,2.6400,4.8700,4.0900,1.5400
$50 NBA Daily 8/13,2020-08-13T23:01:41.585262,estk_4a80d234351242d20bf89af99c16eece,evt_4a80d234351242d2,Bryn Forbes,NBA,0,0,0,0.2,1.0000,2.5200,2.5200,
$50 NBA Daily 8/13,2020-08-13T23:01:41.585266,estk_4a80d234351242d22d5eb9139e57478c,evt_4a80d234351242d2,Rudy Gobert,NBA,0,0,0,0.2,1.0000,2.5200,2.5200,
$50 NBA Daily 8/13,2020-08-13T23:01:41.585270,estk_4a80d234351242d22c3266def21aaa4b,evt_4a80d234351242d2,Mike Conley,NBA,0,0,0,0.2,1.0000,1.8500,2.5200,
$50 NBA Daily 8/13,2020-08-13T23:01:41.585278,estk_4a80d234351242d23492ddf6c0c1365d,evt_4a80d234351242d2,Patty Mills,NBA,0,0,0,0.2,1.0000,2.5200,2.5200,
$50 NBA Daily 8/13,2020-08-13T23:02:42.666050,estk_4a80d234351242d266ecfa0bb24ccc58,evt_4a80d234351242d2,Donovan Mitchell,NBA,25.95,39.5,19,0.21,12.0400,6.0800,14.0600,10.5700
$50 NBA Daily 8/13,2020-08-13T23:02:42.666065,estk_4a80d234351242d29ff8269f39a3a9ef,evt_4a80d234351242d2,Dejounte Murray,NBA,27.32,32.83,11.25,0.21,8.7200,6.5300,10.0800,6.5800
$50 NBA Daily 8/13,2020-08-13T23:02:42.666079,estk_4a80d234351242d26f4d2e8b1bb4befa,evt_4a80d234351242d2,Jakob Poeltl,NBA,23.45,29.53,11,0.21,7.3500,5.3600,9.2500,5.9500
$50 NBA Daily 8/13,2020-08-13T23:02:42.666095,estk_4a80d234351242d2d990c82c4ca85db2,evt_4a80d234351242d2,DeMar DeRozan,NBA,32.12,25.37,0,0.21,5.8200,8.3600,7.5200,4.9400
$50 NBA Daily 8/13,2020-08-13T23:02:42.666109,estk_4a80d234351242d2e7c2f9e4f390b941,evt_4a80d234351242d2,Tony Bradley,NBA,16.59,22.36,9.25,0.21,4.7700,3.6000,6.6700,3.5100
$50 NBA Daily 8/13,2020-08-13T23:02:42.666134,estk_4a80d234351242d247fcee6df283df96,evt_4a80d234351242d2,Joe Ingles,NBA,18.11,20.06,5.75,0.21,4.1200,4.1300,5.5900,2.9800
$50 NBA Daily 8/13,2020-08-13T23:02:42.666141,estk_4a80d234351242d2574634846501d886,evt_4a80d234351242d2,Royce O'Neale,NBA,16.49,19.78,6.75,0.21,4.1100,4.9000,5.7000,3.0200
$50 NBA Daily 8/13,2020-08-13T23:02:42.666153,estk_4a80d234351242d21fa4838d30549dd8,evt_4a80d234351242d2,Derrick White,NBA,22.05,17.42,0,0.21,3.4800,4.9300,5.0900,2.6400
$50 NBA Daily 8/13,2020-08-13T23:02:42.666163,estk_4a80d234351242d2b739004a5d0b4c8a,evt_4a80d234351242d2,Georges Niang,NBA,14.69,16.36,4.75,0.21,3.2800,4.8700,4.0900,1.5400
$50 NBA Daily 8/13,2020-08-13T23:02:42.666171,estk_4a80d234351242d2b1f75a880e970eed,evt_4a80d234351242d2,Jordan Clarkson,NBA,20.82,15.45,-1,0.21,3.2000,4.6300,4.7900,2.3600
$50 NBA Daily 8/13,2020-08-13T23:02:42.666175,estk_4a80d234351242d22ed463b920700b5c,evt_4a80d234351242d2,Rudy Gay,NBA,19.76,15.61,0,0.21,3.1100,4.3500,5.0200,2.1400
$50 NBA Daily 8/13,2020-08-13T23:02:42.666182,estk_4a80d234351242d21b8140bc473f9c23,evt_4a80d234351242d2,Drew Eubanks,NBA,17.13,15.03,1.5,0.21,2.6500,3.7100,4.4400,1.9200
$50 NBA Daily 8/13,2020-08-13T23:02:42.666193,estk_4a80d234351242d20bf89af99c16eece,evt_4a80d234351242d2,Bryn Forbes,NBA,0,0,0,0.21,1.0000,2.5200,2.5200,
$50 NBA Daily 8/13,2020-08-13T23:02:42.666197,estk_4a80d234351242d22d5eb9139e57478c,evt_4a80d234351242d2,Rudy Gobert,NBA,0,0,0,0.21,1.0000,2.5200,2.5200,
$50 NBA Daily 8/13,2020-08-13T23:02:42.666201,estk_4a80d234351242d22c3266def21aaa4b,evt_4a80d234351242d2,Mike Conley,NBA,0,0,0,0.21,1.0000,1.8500,2.5200,
$50 NBA Daily 8/13,2020-08-13T23:02:42.666208,estk_4a80d234351242d23492ddf6c0c1365d,evt_4a80d234351242d2,Patty Mills,NBA,0,0,0,0.21,1.0000,2.5200,2.5200,
$50 NBA Daily 8/13,2020-08-13T23:04:44.899367,estk_4a80d234351242d266ecfa0bb24ccc58,evt_4a80d234351242d2,Donovan Mitchell,NBA,25.95,39.24,19,0.22,11.9300,6.0800,14.0600,10.5700
$50 NBA Daily 8/13,2020-08-13T23:04:44.899386,estk_4a80d234351242d29ff8269f39a3a9ef,evt_4a80d234351242d2,Dejounte Murray,NBA,27.32,32.56,11.25,0.22,8.6200,6.5300,10.0800,6.5800
$50 NBA Daily 8/13,2020-08-13T23:04:44.899397,estk_4a80d234351242d26f4d2e8b1bb4befa,evt_4a80d234351242d2,Jakob Poeltl,NBA,23.45,29.29,11,0.22,7.2200,5.3600,9.2500,5.9500
$50 NBA Daily 8/13,2020-08-13T23:04:44.899416,estk_4a80d234351242d2d990c82c4ca85db2,evt_4a80d234351242d2,DeMar DeRozan,NBA,32.12,25.05,0,0.22,5.7500,8.3600,7.3200,4.6300
$50 NBA Daily 8/13,2020-08-13T23:04:44.899431,estk_4a80d234351242d2e7c2f9e4f390b941,evt_4a80d234351242d2,Tony Bradley,NBA,16.59,22.19,9.25,0.22,4.7200,3.6000,6.6700,3.5100
$50 NBA Daily 8/13,2020-08-13T23:04:44.899452,estk_4a80d234351242d247fcee6df283df96,evt_4a80d234351242d2,Joe Ingles,NBA,18.11,19.38,5.25,0.22,4.1100,4.1300,5.5900,2.9800
$50 NBA Daily 8/13,2020-08-13T23:04:44.899460,estk_4a80d234351242d2574634846501d886,evt_4a80d234351242d2,Royce O'Neale,NBA,16.49,19.61,6.75,0.22,3.9600,4.9000,5.7000,3.0200
$50 NBA Daily 8/13,2020-08-13T23:04:44.899467,estk_4a80d234351242d21fa4838d30549dd8,evt_4a80d234351242d2,Derrick White,NBA,22.05,17.2,0,0.22,3.4500,4.9300,5.0900,2.5300
$50 NBA Daily 8/13,2020-08-13T23:04:44.899481,estk_4a80d234351242d2b739004a5d0b4c8a,evt_4a80d234351242d2,Georges Niang,NBA,14.69,17.46,6,0.22,3.2200,4.8700,4.7800,1.5400
$50 NBA Daily 8/13,2020-08-13T23:04:44.899486,estk_4a80d234351242d22ed463b920700b5c,evt_4a80d234351242d2,Rudy Gay,NBA,19.76,15.41,0,0.22,3.0500,4.3500,4.6700,2.1400
$50 NBA Daily 8/13,2020-08-13T23:04:44.899489,estk_4a80d234351242d2b1f75a880e970eed,evt_4a80d234351242d2,Jordan Clarkson,NBA,20.82,15.24,-1,0.22,3.0300,4.6300,4.7900,2.1800
$50 NBA Daily 8/13,2020-08-13T23:04:44.899493,estk_4a80d234351242d21b8140bc473f9c23,evt_4a80d234351242d2,Drew Eubanks,NBA,17.13,14.36,1,0.22,2.9100,3.7100,4.4400,1.9200
$50 NBA Daily 8/13,2020-08-13T23:04:44.899508,estk_4a80d234351242d20bf89af99c16eece,evt_4a80d234351242d2,Bryn Forbes,NBA,0,0,0,0.22,1.0000,2.5200,2.5200,
$50 NBA Daily 8/13,2020-08-13T23:04:44.899512,estk_4a80d234351242d22d5eb9139e57478c,evt_4a80d234351242d2,Rudy Gobert,NBA,0,0,0,0.22,1.0000,2.5200,2.5200,
$50 NBA Daily 8/13,2020-08-13T23:04:44.899516,estk_4a80d234351242d22c3266def21aaa4b,evt_4a80d234351242d2,Mike Conley,NBA,0,0,0,0.22,1.0000,1.8500,2.5200,
$50 NBA Daily 8/13,2020-08-13T23:04:44.899523,estk_4a80d234351242d23492ddf6c0c1365d,evt_4a80d234351242d2,Patty Mills,NBA,0,0,0,0.22,1.0000,2.5200,2.5200,
$50 NBA Daily 8/13,2020-08-13T23:05:46.028855,estk_4a80d234351242d266ecfa0bb24ccc58,evt_4a80d234351242d2,Donovan Mitchell,NBA,25.95,38.72,19,0.24,11.8200,6.0800,14.0600,10.5700
$50 NBA Daily 8/13,2020-08-13T23:05:46.028878,estk_4a80d234351242d29ff8269f39a3a9ef,evt_4a80d234351242d2,Dejounte Murray,NBA,27.32,31.51,10.75,0.24,8.5500,6.5300,10.0800,6.5800
$50 NBA Daily 8/13,2020-08-13T23:05:46.028886,estk_4a80d234351242d26f4d2e8b1bb4befa,evt_4a80d234351242d2,Jakob Poeltl,NBA,23.45,28.82,11,0.24,7.1500,5.3600,9.2500,5.9500
$50 NBA Daily 8/13,2020-08-13T23:05:46.028908,estk_4a80d234351242d2d990c82c4ca85db2,evt_4a80d234351242d2,DeMar DeRozan,NBA,32.12,24.41,0,0.24,5.5700,8.3600,7.3200,4.6300
$50 NBA Daily 8/13,2020-08-13T23:05:46.028919,estk_4a80d234351242d2e7c2f9e4f390b941,evt_4a80d234351242d2,Tony Bradley,NBA,16.59,21.86,9.25,0.24,4.6900,3.6000,6.6700,3.5100
$50 NBA Daily 8/13,2020-08-13T23:05:46.028944,estk_4a80d234351242d2574634846501d886,evt_4a80d234351242d2,Royce O'Neale,NBA,16.49,19.28,6.75,0.24,3.9700,4.9000,5.5400,3.0200
$50 NBA Daily 8/13,2020-08-13T23:05:46.028948,estk_4a80d234351242d247fcee6df283df96,evt_4a80d234351242d2,Joe Ingles,NBA,18.11,20.51,6.75,0.24,3.9200,4.1300,5.5900,2.9800
$50 NBA Daily 8/13,2020-08-13T23:05:46.028955,estk_4a80d234351242d2b739004a5d0b4c8a,evt_4a80d234351242d2,Georges Niang,NBA,14.69,19.41,8.25,0.24,3.4500,4.8700,4.7800,1.5400
$50 NBA Daily 8/13,2020-08-13T23:05:46.028963,estk_4a80d234351242d21fa4838d30549dd8,evt_4a80d234351242d2,Derrick White,NBA,22.05,16.76,0,0.24,3.3900,4.9300,5.0900,2.5300
$50 NBA Daily 8/13,2020-08-13T23:05:46.028974,estk_4a80d234351242d22ed463b920700b5c,evt_4a80d234351242d2,Rudy Gay,NBA,19.76,15.02,0,0.24,3.0100,4.3500,4.6700,2.1400
$50 NBA Daily 8/13,2020-08-13T23:05:46.028977,estk_4a80d234351242d2b1f75a880e970eed,evt_4a80d234351242d2,Jordan Clarkson,NBA,20.82,21.82,6,0.24,2.9600,4.6300,4.7900,2.1800
$50 NBA Daily 8/13,2020-08-13T23:05:46.028981,estk_4a80d234351242d21b8140bc473f9c23,evt_4a80d234351242d2,Drew Eubanks,NBA,17.13,15.27,2.25,0.24,2.8500,3.7100,4.4400,1.9200
$50 NBA Daily 8/13,2020-08-13T23:05:46.028996,estk_4a80d234351242d20bf89af99c16eece,evt_4a80d234351242d2,Bryn Forbes,NBA,0,0,0,0.24,1.0000,2.5200,2.5200,
$50 NBA Daily 8/13,2020-08-13T23:05:46.029000,estk_4a80d234351242d22d5eb9139e57478c,evt_4a80d234351242d2,Rudy Gobert,NBA,0,0,0,0.24,1.0000,2.5200,2.5200,
$50 NBA Daily 8/13,2020-08-13T23:05:46.029004,estk_4a80d234351242d22c3266def21aaa4b,evt_4a80d234351242d2,Mike Conley,NBA,0,0,0,0.24,1.0000,1.8500,2.5200,
$50 NBA Daily 8/13,2020-08-13T23:05:46.029012,estk_4a80d234351242d23492ddf6c0c1365d,evt_4a80d234351242d2,Patty Mills,NBA,0,0,0,0.24,1.0000,2.5200,2.5200,
$50 NBA Daily 8/13,2020-08-13T23:06:47.263053,estk_4a80d234351242d266ecfa0bb24ccc58,evt_4a80d234351242d2,Donovan Mitchell,NBA,25.95,38.46,19,0.25,11.5200,6.0800,13.2500,10.3100
$50 NBA Daily 8/13,2020-08-13T23:06:47.263080,estk_4a80d234351242d29ff8269f39a3a9ef,evt_4a80d234351242d2,Dejounte Murray,NBA,27.32,31.24,10.75,0.25,8.0600,6.5300,9.7200,6.5800
$50 NBA Daily 8/13,2020-08-13T23:06:47.263084,estk_4a80d234351242d26f4d2e8b1bb4befa,evt_4a80d234351242d2,Jakob Poeltl,NBA,23.45,28.59,11,0.25,6.9300,5.3600,8.5700,5.9500
$50 NBA Daily 8/13,2020-08-13T23:06:47.263106,estk_4a80d234351242d2d990c82c4ca85db2,evt_4a80d234351242d2,DeMar DeRozan,NBA,32.12,24.09,0,0.25,5.3400,8.3600,7.3200,4.4800
$50 NBA Daily 8/13,2020-08-13T23:06:47.263121,estk_4a80d234351242d2e7c2f9e4f390b941,evt_4a80d234351242d2,Tony Bradley,NBA,16.59,21.69,9.25,0.25,4.5500,3.6000,6.1400,3.5100
$50 NBA Daily 8/13,2020-08-13T23:06:47.263125,estk_4a80d234351242d2b1f75a880e970eed,evt_4a80d234351242d2,Jordan Clarkson,NBA,20.82,27.62,12,0.25,4.5300,4.6300,6.1200,2.9400
$50 NBA Daily 8/13,2020-08-13T23:06:47.263143,estk_4a80d234351242d247fcee6df283df96,evt_4a80d234351242d2,Joe Ingles,NBA,18.11,20.33,6.75,0.25,4.1200,4.1300,5.5900,2.9800
$50 NBA Daily 8/13,2020-08-13T23:06:47.263150,estk_4a80d234351242d2b739004a5d0b4c8a,evt_4a80d234351242d2,Georges Niang,NBA,14.69,19.27,8.25,0.25,3.8800,4.8700,,
$50 NBA Daily 8/13,2020-08-13T23:06:47.263154,estk_4a80d234351242d2574634846501d886,evt_4a80d234351242d2,Royce O'Neale,NBA,16.49,19.12,6.75,0.25,3.7800,4.9000,5.5400,2.9400
$50 NBA Daily 8/13,2020-08-13T23:06:47.263169,estk_4a80d234351242d21fa4838d30549dd8,evt_4a80d234351242d2,Derrick White,NBA,22.05,16.54,0,0.25,3.2100,4.9300,4.7700,2.1800
$50 NBA Daily 8/13,2020-08-13T23:06:47.263176,estk_4a80d234351242d21b8140bc473f9c23,evt_4a80d234351242d2,Drew Eubanks,NBA,17.13,15.1,2.25,0.25,2.9300,3.7100,4.4400,1.9200
$50 NBA Daily 8/13,2020-08-13T23:06:47.263180,estk_4a80d234351242d22ed463b920700b5c,evt_4a80d234351242d2,Rudy Gay,NBA,19.76,14.82,0,0.25,2.8900,4.3500,4.4500,2.0800
$50 NBA Daily 8/13,2020-08-13T23:06:47.263195,estk_4a80d234351242d20bf89af99c16eece,evt_4a80d234351242d2,Bryn Forbes,NBA,0,0,0,0.25,1.0000,2.5200,2.5200,
$50 NBA Daily 8/13,2020-08-13T23:06:47.263198,estk_4a80d234351242d22d5eb9139e57478c,evt_4a80d234351242d2,Rudy Gobert,NBA,0,0,0,0.25,1.0000,2.5200,2.5200,
$50 NBA Daily 8/13,2020-08-13T23:06:47.263202,estk_4a80d234351242d22c3266def21aaa4b,evt_4a80d234351242d2,Mike Conley,NBA,0,0,0,0.25,1.0000,1.8500,2.5200,
$50 NBA Daily 8/13,2020-08-13T23:06:47.263209,estk_4a80d234351242d23492ddf6c0c1365d,evt_4a80d234351242d2,Patty Mills,NBA,0,0,0,0.25,1.0000,2.5200,2.5200,
$50 NBA Daily 8/13,2020-08-13T23:10:51.633325,estk_4a80d234351242d266ecfa0bb24ccc58,evt_4a80d234351242d2,Donovan Mitchell,NBA,25.95,38.2,19,0.26,11.3400,6.0800,13.0500,10.3100
$50 NBA Daily 8/13,2020-08-13T23:10:51.633351,estk_4a80d234351242d29ff8269f39a3a9ef,evt_4a80d234351242d2,Dejounte Murray,NBA,27.32,30.97,10.75,0.26,7.8700,6.5300,9.4800,6.5800
$50 NBA Daily 8/13,2020-08-13T23:10:51.633355,estk_4a80d234351242d26f4d2e8b1bb4befa,evt_4a80d234351242d2,Jakob Poeltl,NBA,23.45,28.35,11,0.26,6.8000,5.3600,8.4300,5.7200
$50 NBA Daily 8/13,2020-08-13T23:10:51.633359,estk_4a80d234351242d2b1f75a880e970eed,evt_4a80d234351242d2,Jordan Clarkson,NBA,20.82,27.41,12,0.26,6.4200,4.6300,8.0600,4.8000
$50 NBA Daily 8/13,2020-08-13T23:10:51.633381,estk_4a80d234351242d2d990c82c4ca85db2,evt_4a80d234351242d2,DeMar DeRozan,NBA,32.12,23.77,0,0.26,5.1700,8.3600,6.8000,4.2000
$50 NBA Daily 8/13,2020-08-13T23:10:51.633399,estk_4a80d234351242d2e7c2f9e4f390b941,evt_4a80d234351242d2,Tony Bradley,NBA,16.59,21.53,9.25,0.26,4.4000,3.6000,6.0500,3.5100
$50 NBA Daily 8/13,2020-08-13T23:10:51.633416,estk_4a80d234351242d247fcee6df283df96,evt_4a80d234351242d2,Joe Ingles,NBA,18.11,20.15,6.75,0.26,4.0400,4.1300,5.5900,2.9800
$50 NBA Daily 8/13,2020-08-13T23:10:51.633420,estk_4a80d234351242d2574634846501d886,evt_4a80d234351242d2,Royce O'Neale,NBA,16.49,18.95,6.75,0.26,3.7300,4.9000,5.5400,2.9100
$50 NBA Daily 8/13,2020-08-13T23:10:51.633424,estk_4a80d234351242d2b739004a5d0b4c8a,evt_4a80d234351242d2,Georges Niang,NBA,14.69,19.87,9,0.26,3.6600,4.8700,5.3800,2.3000
$50 NBA Daily 8/13,2020-08-13T23:10:51.633441,estk_4a80d234351242d21fa4838d30549dd8,evt_4a80d234351242d2,Derrick White,NBA,22.05,16.32,0,0.26,3.1600,4.9300,4.7700,2.1100
$50 NBA Daily 8/13,2020-08-13T23:10:51.633445,estk_4a80d234351242d21b8140bc473f9c23,evt_4a80d234351242d2,Drew Eubanks,NBA,17.13,16.93,4.25,0.26,2.8700,3.7100,4.4400,1.9200
$50 NBA Daily 8/13,2020-08-13T23:10:51.633449,estk_4a80d234351242d22ed463b920700b5c,evt_4a80d234351242d2,Rudy Gay,NBA,19.76,14.62,0,0.26,2.7700,4.3500,4.3500,1.9000
$50 NBA Daily 8/13,2020-08-13T23:10:51.633464,estk_4a80d234351242d20bf89af99c16eece,evt_4a80d234351242d2,Bryn Forbes,NBA,0,0,0,0.26,1.0000,2.5200,2.5200,
$50 NBA Daily 8/13,2020-08-13T23:10:51.633467,estk_4a80d234351242d22d5eb9139e57478c,evt_4a80d234351242d2,Rudy Gobert,NBA,0,0,0,0.26,1.0000,2.5200,2.5200,
$50 NBA Daily 8/13,2020-08-13T23:10:51.633471,estk_4a80d234351242d22c3266def21aaa4b,evt_4a80d234351242d2,Mike Conley,NBA,0,0,0,0.26,1.0000,1.8500,2.5200,
$50 NBA Daily 8/13,2020-08-13T23:10:51.633478,estk_4a80d234351242d23492ddf6c0c1365d,evt_4a80d234351242d2,Patty Mills,NBA,0,0,0,0.26,1.0000,2.5200,2.5200,
$50 NBA Daily 8/13,2020-08-13T23:11:52.754661,estk_4a80d234351242d266ecfa0bb24ccc58,evt_4a80d234351242d2,Donovan Mitchell,NBA,25.95,37.94,19,0.27,11.2000,6.0800,13.0500,10.3000
$50 NBA Daily 8/13,2020-08-13T23:11:52.754686,estk_4a80d234351242d29ff8269f39a3a9ef,evt_4a80d234351242d2,Dejounte Murray,NBA,27.32,30.19,10.25,0.27,7.7200,6.5300,9.4800,6.5800
$50 NBA Daily 8/13,2020-08-13T23:11:52.754690,estk_4a80d234351242d26f4d2e8b1bb4befa,evt_4a80d234351242d2,Jakob Poeltl,NBA,23.45,28.12,11,0.27,6.6700,5.3600,8.4300,5.7200
$50 NBA Daily 8/13,2020-08-13T23:11:52.754702,estk_4a80d234351242d2b1f75a880e970eed,evt_4a80d234351242d2,Jordan Clarkson,NBA,20.82,26.7,11.5,0.27,6.2600,4.6300,8.0600,4.8000
$50 NBA Daily 8/13,2020-08-13T23:11:52.754717,estk_4a80d234351242d2d990c82c4ca85db2,evt_4a80d234351242d2,DeMar DeRozan,NBA,32.12,23.45,0,0.27,5.0700,8.3600,6.8000,4.2000
$50 NBA Daily 8/13,2020-08-13T23:11:52.754734,estk_4a80d234351242d2e7c2f9e4f390b941,evt_4a80d234351242d2,Tony Bradley,NBA,16.59,21.36,9.25,0.27,4.3600,3.6000,6.0500,3.5100
$50 NBA Daily 8/13,2020-08-13T23:11:52.754752,estk_4a80d234351242d247fcee6df283df96,evt_4a80d234351242d2,Joe Ingles,NBA,18.11,19.97,6.75,0.27,4.0000,4.1300,5.5900,2.9800
$50 NBA Daily 8/13,2020-08-13T23:11:52.754756,estk_4a80d234351242d2b739004a5d0b4c8a,evt_4a80d234351242d2,Georges Niang,NBA,14.69,18.47,7.75,0.27,3.8900,4.8700,5.3800,2.3000
$50 NBA Daily 8/13,2020-08-13T23:11:52.754759,estk_4a80d234351242d2574634846501d886,evt_4a80d234351242d2,Royce O'Neale,NBA,16.49,18.79,6.75,0.27,3.7100,4.9000,5.5400,2.8800
$50 NBA Daily 8/13,2020-08-13T23:11:52.754778,estk_4a80d234351242d21b8140bc473f9c23,evt_4a80d234351242d2,Drew Eubanks,NBA,17.13,16.75,4.25,0.27,3.2200,3.7100,4.4400,1.9200
$50 NBA Daily 8/13,2020-08-13T23:11:52.754781,estk_4a80d234351242d21fa4838d30549dd8,evt_4a80d234351242d2,Derrick White,NBA,22.05,16.1,0,0.27,3.0500,4.9300,4.7700,2.1100
$50 NBA Daily 8/13,2020-08-13T23:11:52.754785,estk_4a80d234351242d22ed463b920700b5c,evt_4a80d234351242d2,Rudy Gay,NBA,19.76,14.42,0,0.27,2.7600,4.3500,4.3500,1.9000
$50 NBA Daily 8/13,2020-08-13T23:11:52.754800,estk_4a80d234351242d20bf89af99c16eece,evt_4a80d234351242d2,Bryn Forbes,NBA,0,0,0,0.27,1.0000,2.5200,2.5200,
$50 NBA Daily 8/13,2020-08-13T23:11:52.754803,estk_4a80d234351242d22d5eb9139e57478c,evt_4a80d234351242d2,Rudy Gobert,NBA,0,0,0,0.27,1.0000,2.5200,2.5200,
$50 NBA Daily 8/13,2020-08-13T23:11:52.754807,estk_4a80d234351242d22c3266def21aaa4b,evt_4a80d234351242d2,Mike Conley,NBA,0,0,0,0.27,1.0000,1.8500,2.5200,
$50 NBA Daily 8/13,2020-08-13T23:11:52.754814,estk_4a80d234351242d23492ddf6c0c1365d,evt_4a80d234351242d2,Patty Mills,NBA,0,0,0,0.27,1.0000,2.5200,2.5200,
$50 NBA Daily 8/13,2020-08-13T23:12:53.880982,estk_4a80d234351242d266ecfa0bb24ccc58,evt_4a80d234351242d2,Donovan Mitchell,NBA,25.95,37.42,19,0.29,11.2100,6.0800,13.0500,9.7900
$50 NBA Daily 8/13,2020-08-13T23:12:53.881003,estk_4a80d234351242d29ff8269f39a3a9ef,evt_4a80d234351242d2,Dejounte Murray,NBA,27.32,29.65,10.25,0.29,7.4500,6.5300,9.4800,6.4000
$50 NBA Daily 8/13,2020-08-13T23:12:53.881007,estk_4a80d234351242d26f4d2e8b1bb4befa,evt_4a80d234351242d2,Jakob Poeltl,NBA,23.45,27.65,11,0.29,6.6400,5.3600,8.4300,5.7200
$50 NBA Daily 8/13,2020-08-13T23:12:53.881018,estk_4a80d234351242d2b1f75a880e970eed,evt_4a80d234351242d2,Jordan Clarkson,NBA,20.82,25.78,11,0.29,6.0300,4.6300,8.0600,4.8000
$50 NBA Daily 8/13,2020-08-13T23:12:53.881037,estk_4a80d234351242d2d990c82c4ca85db2,evt_4a80d234351242d2,DeMar DeRozan,NBA,32.12,22.81,0,0.29,5.0100,8.3600,6.8000,3.9600
$50 NBA Daily 8/13,2020-08-13T23:12:53.881051,estk_4a80d234351242d2e7c2f9e4f390b941,evt_4a80d234351242d2,Tony Bradley,NBA,16.59,21.03,9.25,0.29,4.3500,3.6000,6.0500,3.5100
$50 NBA Daily 8/13,2020-08-13T23:12:53.881069,estk_4a80d234351242d247fcee6df283df96,evt_4a80d234351242d2,Joe Ingles,NBA,18.11,19.11,6.25,0.29,3.9500,4.1300,5.5900,2.9800
$50 NBA Daily 8/13,2020-08-13T23:12:53.881073,estk_4a80d234351242d2574634846501d886,evt_4a80d234351242d2,Royce O'Neale,NBA,16.49,18.46,6.75,0.29,3.6400,4.9000,5.5400,2.8100
$50 NBA Daily 8/13,2020-08-13T23:12:53.881077,estk_4a80d234351242d2b739004a5d0b4c8a,evt_4a80d234351242d2,Georges Niang,NBA,14.69,18.18,7.75,0.29,3.6100,4.8700,5.3800,2.3000
$50 NBA Daily 8/13,2020-08-13T23:12:53.881095,estk_4a80d234351242d21b8140bc473f9c23,evt_4a80d234351242d2,Drew Eubanks,NBA,17.13,19.91,7.75,0.29,3.1900,3.7100,4.4400,1.9200
$50 NBA Daily 8/13,2020-08-13T23:12:53.881099,estk_4a80d234351242d21fa4838d30549dd8,evt_4a80d234351242d2,Derrick White,NBA,22.05,15.66,0,0.29,3.0400,4.9300,4.7700,2.1100
$50 NBA Daily 8/13,2020-08-13T23:12:53.881103,estk_4a80d234351242d22ed463b920700b5c,evt_4a80d234351242d2,Rudy Gay,NBA,19.76,14.03,0,0.29,2.7200,4.3500,4.3500,1.9000
$50 NBA Daily 8/13,2020-08-13T23:12:53.881118,estk_4a80d234351242d20bf89af99c16eece,evt_4a80d234351242d2,Bryn Forbes,NBA,0,0,0,0.29,1.0000,2.5200,2.5200,
$50 NBA Daily 8/13,2020-08-13T23:12:53.881121,estk_4a80d234351242d22d5eb9139e57478c,evt_4a80d234351242d2,Rudy Gobert,NBA,0,0,0,0.29,1.0000,2.5200,2.5200,
$50 NBA Daily 8/13,2020-08-13T23:12:53.881125,estk_4a80d234351242d22c3266def21aaa4b,evt_4a80d234351242d2,Mike Conley,NBA,0,0,0,0.29,1.0000,1.8500,2.5200,
$50 NBA Daily 8/13,2020-08-13T23:12:53.881132,estk_4a80d234351242d23492ddf6c0c1365d,evt_4a80d234351242d2,Patty Mills,NBA,0,0,0,0.29,1.0000,2.5200,2.5200,
$50 NBA Daily 8/13,2020-08-13T23:13:54.957555,estk_4a80d234351242d266ecfa0bb24ccc58,evt_4a80d234351242d2,Donovan Mitchell,NBA,25.95,37.16,19,0.3,11.0100,6.0800,12.7300,9.7900
$50 NBA Daily 8/13,2020-08-13T23:13:54.957576,estk_4a80d234351242d29ff8269f39a3a9ef,evt_4a80d234351242d2,Dejounte Murray,NBA,27.32,28.87,9.75,0.3,7.2800,6.5300,8.9300,6.2100
$50 NBA Daily 8/13,2020-08-13T23:13:54.957583,estk_4a80d234351242d26f4d2e8b1bb4befa,evt_4a80d234351242d2,Jakob Poeltl,NBA,23.45,27.41,11,0.3,6.5100,5.3600,8.4300,5.2900
$50 NBA Daily 8/13,2020-08-13T23:13:54.957598,estk_4a80d234351242d2b1f75a880e970eed,evt_4a80d234351242d2,Jordan Clarkson,NBA,20.82,27.07,12.5,0.3,5.7600,4.6300,7.3800,4.8000
$50 NBA Daily 8/13,2020-08-13T23:13:54.957610,estk_4a80d234351242d2d990c82c4ca85db2,evt_4a80d234351242d2,DeMar DeRozan,NBA,32.12,22.48,0,0.3,4.7800,8.3600,6.3800,3.7300
$50 NBA Daily 8/13,2020-08-13T23:13:54.957628,estk_4a80d234351242d2e7c2f9e4f390b941,evt_4a80d234351242d2,Tony Bradley,NBA,16.59,20.86,9.25,0.3,4.2500,3.6000,6.0500,3.3900
$50 NBA Daily 8/13,2020-08-13T23:13:54.957643,estk_4a80d234351242d21b8140bc473f9c23,evt_4a80d234351242d2,Drew Eubanks,NBA,17.13,19.74,7.75,0.3,3.9000,3.7100,5.4800,2.3200
$50 NBA Daily 8/13,2020-08-13T23:13:54.957647,estk_4a80d234351242d247fcee6df283df96,evt_4a80d234351242d2,Joe Ingles,NBA,18.11,22.43,9.75,0.3,3.7100,4.1300,5.5900,2.7000
$50 NBA Daily 8/13,2020-08-13T23:13:54.957655,estk_4a80d234351242d2574634846501d886,evt_4a80d234351242d2,Royce O'Neale,NBA,16.49,18.29,6.75,0.3,3.5600,4.9000,5.1300,2.7000
$50 NBA Daily 8/13,2020-08-13T23:13:54.957659,estk_4a80d234351242d2b739004a5d0b4c8a,evt_4a80d234351242d2,Georges Niang,NBA,14.69,18.03,7.75,0.3,3.4900,4.8700,5.3800,2.3000
$50 NBA Daily 8/13,2020-08-13T23:13:54.957674,estk_4a80d234351242d21fa4838d30549dd8,evt_4a80d234351242d2,Derrick White,NBA,22.05,15.43,0,0.3,2.9100,4.9300,4.7700,1.6000
$50 NBA Daily 8/13,2020-08-13T23:13:54.957681,estk_4a80d234351242d22ed463b920700b5c,evt_4a80d234351242d2,Rudy Gay,NBA,19.76,13.83,0,0.3,2.6300,4.3500,4.3500,1.8800
$50 NBA Daily 8/13,2020-08-13T23:13:54.957692,estk_4a80d234351242d20bf89af99c16eece,evt_4a80d234351242d2,Bryn Forbes,NBA,0,0,0,0.3,1.0000,2.5200,2.5200,
$50 NBA Daily 8/13,2020-08-13T23:13:54.957696,estk_4a80d234351242d22d5eb9139e57478c,evt_4a80d234351242d2,Rudy Gobert,NBA,0,0,0,0.3,1.0000,2.5200,2.5200,
$50 NBA Daily 8/13,2020-08-13T23:13:54.957700,estk_4a80d234351242d22c3266def21aaa4b,evt_4a80d234351242d2,Mike Conley,NBA,0,0,0,0.3,1.0000,1.8500,2.5200,
$50 NBA Daily 8/13,2020-08-13T23:13:54.957707,estk_4a80d234351242d23492ddf6c0c1365d,evt_4a80d234351242d2,Patty Mills,NBA,0,0,0,0.3,1.0000,2.5200,2.5200,
$50 NBA Daily 8/13,2020-08-13T23:15:57.366965,estk_4a80d234351242d266ecfa0bb24ccc58,evt_4a80d234351242d2,Donovan Mitchell,NBA,25.95,36.15,18.5,0.32,10.7800,6.0800,12.6100,9.7900
$50 NBA Daily 8/13,2020-08-13T23:15:57.366985,estk_4a80d234351242d29ff8269f39a3a9ef,evt_4a80d234351242d2,Dejounte Murray,NBA,27.32,28.33,9.75,0.32,6.9000,6.5300,8.5800,5.6300
$50 NBA Daily 8/13,2020-08-13T23:15:57.366997,estk_4a80d234351242d26f4d2e8b1bb4befa,evt_4a80d234351242d2,Jakob Poeltl,NBA,23.45,26.95,11,0.32,6.3200,5.3600,7.9500,5.2900
$50 NBA Daily 8/13,2020-08-13T23:15:57.367000,estk_4a80d234351242d2b1f75a880e970eed,evt_4a80d234351242d2,Jordan Clarkson,NBA,20.82,26.16,12,0.32,6.2600,4.6300,7.8900,4.8000
$50 NBA Daily 8/13,2020-08-13T23:15:57.367023,estk_4a80d234351242d247fcee6df283df96,evt_4a80d234351242d2,Joe Ingles,NBA,18.11,22.06,9.75,0.32,4.6500,4.1300,6.2200,3.0400
$50 NBA Daily 8/13,2020-08-13T23:15:57.367030,estk_4a80d234351242d2d990c82c4ca85db2,evt_4a80d234351242d2,DeMar DeRozan,NBA,32.12,21.84,0,0.32,4.6200,8.3600,6.2400,3.7300
$50 NBA Daily 8/13,2020-08-13T23:15:57.367044,estk_4a80d234351242d2e7c2f9e4f390b941,evt_4a80d234351242d2,Tony Bradley,NBA,16.59,20.53,9.25,0.32,4.1600,3.6000,6.0500,3.1700
$50 NBA Daily 8/13,2020-08-13T23:15:57.367055,estk_4a80d234351242d21b8140bc473f9c23,evt_4a80d234351242d2,Drew Eubanks,NBA,17.13,19.4,7.75,0.32,3.8400,3.7100,5.4100,2.3200
$50 NBA Daily 8/13,2020-08-13T23:15:57.367063,estk_4a80d234351242d2574634846501d886,evt_4a80d234351242d2,Royce O'Neale,NBA,16.49,17.96,6.75,0.32,3.5300,4.9000,5.0300,2.2000
$50 NBA Daily 8/13,2020-08-13T23:15:57.367070,estk_4a80d234351242d2b739004a5d0b4c8a,evt_4a80d234351242d2,Georges Niang,NBA,14.69,17.74,7.75,0.32,3.3900,4.8700,5.3800,2.3000
$50 NBA Daily 8/13,2020-08-13T23:15:57.367081,estk_4a80d234351242d21fa4838d30549dd8,evt_4a80d234351242d2,Derrick White,NBA,22.05,14.99,0,0.32,2.8800,4.9300,4.4400,1.6000
$50 NBA Daily 8/13,2020-08-13T23:15:57.367088,estk_4a80d234351242d22ed463b920700b5c,evt_4a80d234351242d2,Rudy Gay,NBA,19.76,13.44,0,0.32,2.5900,4.3500,4.1300,1.7100
$50 NBA Daily 8/13,2020-08-13T23:15:57.367100,estk_4a80d234351242d20bf89af99c16eece,evt_4a80d234351242d2,Bryn Forbes,NBA,0,0,0,0.32,1.0000,2.5200,2.5200,
$50 NBA Daily 8/13,2020-08-13T23:15:57.367103,estk_4a80d234351242d22d5eb9139e57478c,evt_4a80d234351242d2,Rudy Gobert,NBA,0,0,0,0.32,1.0000,2.5200,2.5200,
$50 NBA Daily 8/13,2020-08-13T23:15:57.367107,estk_4a80d234351242d22c3266def21aaa4b,evt_4a80d234351242d2,Mike Conley,NBA,0,0,0,0.32,1.0000,1.8500,2.5200,
$50 NBA Daily 8/13,2020-08-13T23:15:57.367115,estk_4a80d234351242d23492ddf6c0c1365d,evt_4a80d234351242d2,Patty Mills,NBA,0,0,0,0.32,1.0000,2.5200,2.5200,
$50 NBA Daily 8/13,2020-08-13T23:16:58.436743,estk_4a80d234351242d266ecfa0bb24ccc58,evt_4a80d234351242d2,Donovan Mitchell,NBA,25.95,35.89,18.5,0.33,10.3700,6.0800,12.0800,9.2900
$50 NBA Daily 8/13,2020-08-13T23:16:58.436764,estk_4a80d234351242d29ff8269f39a3a9ef,evt_4a80d234351242d2,Dejounte Murray,NBA,27.32,28.05,9.75,0.33,6.7500,6.5300,8.3900,5.6300
$50 NBA Daily 8/13,2020-08-13T23:16:58.436776,estk_4a80d234351242d26f4d2e8b1bb4befa,evt_4a80d234351242d2,Jakob Poeltl,NBA,23.45,26.71,11,0.33,6.1900,5.3600,7.8100,5.2900
$50 NBA Daily 8/13,2020-08-13T23:16:58.436787,estk_4a80d234351242d2b1f75a880e970eed,evt_4a80d234351242d2,Jordan Clarkson,NBA,20.82,25.95,12,0.33,5.8800,4.6300,7.8900,4.8000
$50 NBA Daily 8/13,2020-08-13T23:16:58.436809,estk_4a80d234351242d247fcee6df283df96,evt_4a80d234351242d2,Joe Ingles,NBA,18.11,21.88,9.75,0.33,4.5800,4.1300,6.2200,3.0400
$50 NBA Daily 8/13,2020-08-13T23:16:58.436813,estk_4a80d234351242d2d990c82c4ca85db2,evt_4a80d234351242d2,DeMar DeRozan,NBA,32.12,21.52,0,0.33,4.4900,8.3600,6.2400,3.4100
$50 NBA Daily 8/13,2020-08-13T23:16:58.436831,estk_4a80d234351242d2e7c2f9e4f390b941,evt_4a80d234351242d2,Tony Bradley,NBA,16.59,20.37,9.25,0.33,4.1000,3.6000,6.0500,3.1700
$50 NBA Daily 8/13,2020-08-13T23:16:58.436835,estk_4a80d234351242d21b8140bc473f9c23,evt_4a80d234351242d2,Drew Eubanks,NBA,17.13,19.23,7.75,0.33,3.8100,3.7100,5.4100,2.3200
$50 NBA Daily 8/13,2020-08-13T23:16:58.436846,estk_4a80d234351242d2b739004a5d0b4c8a,evt_4a80d234351242d2,Georges Niang,NBA,14.69,17.59,7.75,0.33,3.3900,4.8700,4.9600,2.3000
$50 NBA Daily 8/13,2020-08-13T23:16:58.436850,estk_4a80d234351242d2574634846501d886,evt_4a80d234351242d2,Royce O'Neale,NBA,16.49,17.8,6.75,0.33,3.3700,4.9000,5.0300,2.2000
$50 NBA Daily 8/13,2020-08-13T23:16:58.436861,estk_4a80d234351242d21fa4838d30549dd8,evt_4a80d234351242d2,Derrick White,NBA,22.05,14.77,0,0.33,2.8400,4.9300,4.4400,1.6000
$50 NBA Daily 8/13,2020-08-13T23:16:58.436868,estk_4a80d234351242d22ed463b920700b5c,evt_4a80d234351242d2,Rudy Gay,NBA,19.76,13.24,0,0.33,2.4900,4.3500,4.1300,1.6900
$50 NBA Daily 8/13,2020-08-13T23:16:58.436879,estk_4a80d234351242d20bf89af99c16eece,evt_4a80d234351242d2,Bryn Forbes,NBA,0,0,0,0.33,1.0000,2.5200,2.5200,
$50 NBA Daily 8/13,2020-08-13T23:16:58.436883,estk_4a80d234351242d22d5eb9139e57478c,evt_4a80d234351242d2,Rudy Gobert,NBA,0,0,0,0.33,1.0000,2.5200,2.5200,
$50 NBA Daily 8/13,2020-08-13T23:16:58.436887,estk_4a80d234351242d22c3266def21aaa4b,evt_4a80d234351242d2,Mike Conley,NBA,0,0,0,0.33,1.0000,1.8500,2.5200,
$50 NBA Daily 8/13,2020-08-13T23:16:58.436895,estk_4a80d234351242d23492ddf6c0c1365d,evt_4a80d234351242d2,Patty Mills,NBA,0,0,0,0.33,1.0000,2.5200,2.5200,
$50 NBA Daily 8/13,2020-08-13T23:19:00.832973,estk_4a80d234351242d266ecfa0bb24ccc58,evt_4a80d234351242d2,Donovan Mitchell,NBA,25.95,35.37,18.5,0.35,10.3400,6.0800,12.0000,9.2900
$50 NBA Daily 8/13,2020-08-13T23:19:00.832994,estk_4a80d234351242d29ff8269f39a3a9ef,evt_4a80d234351242d2,Dejounte Murray,NBA,27.32,27.51,9.75,0.35,6.6600,6.5300,8.3000,5.6300
$50 NBA Daily 8/13,2020-08-13T23:19:00.833009,estk_4a80d234351242d26f4d2e8b1bb4befa,evt_4a80d234351242d2,Jakob Poeltl,NBA,23.45,26.24,11,0.35,6.1200,5.3600,7.7500,5.1600
$50 NBA Daily 8/13,2020-08-13T23:19:00.833017,estk_4a80d234351242d2b1f75a880e970eed,evt_4a80d234351242d2,Jordan Clarkson,NBA,20.82,25.53,12,0.35,5.8300,4.6300,7.8900,4.8000
$50 NBA Daily 8/13,2020-08-13T23:19:00.833039,estk_4a80d234351242d247fcee6df283df96,evt_4a80d234351242d2,Joe Ingles,NBA,18.11,21.52,9.75,0.35,4.5000,4.1300,6.2200,3.0400
$50 NBA Daily 8/13,2020-08-13T23:19:00.833046,estk_4a80d234351242d2d990c82c4ca85db2,evt_4a80d234351242d2,DeMar DeRozan,NBA,32.12,20.88,0,0.35,4.3600,8.3600,6.2400,3.4100
$50 NBA Daily 8/13,2020-08-13T23:19:00.833060,estk_4a80d234351242d2e7c2f9e4f390b941,evt_4a80d234351242d2,Tony Bradley,NBA,16.59,20.78,10,0.35,4.0300,3.6000,5.6000,3.1700
$50 NBA Daily 8/13,2020-08-13T23:19:00.833064,estk_4a80d234351242d21b8140bc473f9c23,evt_4a80d234351242d2,Drew Eubanks,NBA,17.13,20.38,9.25,0.35,3.7300,3.7100,5.4100,2.3200
$50 NBA Daily 8/13,2020-08-13T23:19:00.833078,estk_4a80d234351242d2b739004a5d0b4c8a,evt_4a80d234351242d2,Georges Niang,NBA,14.69,17.3,7.75,0.35,3.3600,4.8700,4.9600,2.3000
$50 NBA Daily 8/13,2020-08-13T23:19:00.833082,estk_4a80d234351242d2574634846501d886,evt_4a80d234351242d2,Royce O'Neale,NBA,16.49,16.47,5.75,0.35,3.3500,4.9000,5.0300,2.2000
$50 NBA Daily 8/13,2020-08-13T23:19:00.833093,estk_4a80d234351242d21fa4838d30549dd8,evt_4a80d234351242d2,Derrick White,NBA,22.05,14.33,0,0.35,2.7200,4.9300,4.4400,1.6000
$50 NBA Daily 8/13,2020-08-13T23:19:00.833097,estk_4a80d234351242d22ed463b920700b5c,evt_4a80d234351242d2,Rudy Gay,NBA,19.76,12.84,0,0.35,2.5000,4.3500,4.1300,1.6900
$50 NBA Daily 8/13,2020-08-13T23:19:00.833108,estk_4a80d234351242d20bf89af99c16eece,evt_4a80d234351242d2,Bryn Forbes,NBA,0,0,0,0.35,1.0000,2.5200,2.5200,
$50 NBA Daily 8/13,2020-08-13T23:19:00.833112,estk_4a80d234351242d22d5eb9139e57478c,evt_4a80d234351242d2,Rudy Gobert,NBA,0,0,0,0.35,1.0000,2.5200,2.5200,
$50 NBA Daily 8/13,2020-08-13T23:19:00.833116,estk_4a80d234351242d22c3266def21aaa4b,evt_4a80d234351242d2,Mike Conley,NBA,0,0,0,0.35,1.0000,1.8500,2.5200,
$50 NBA Daily 8/13,2020-08-13T23:19:00.833124,estk_4a80d234351242d23492ddf6c0c1365d,evt_4a80d234351242d2,Patty Mills,NBA,0,0,0,0.35,1.0000,2.5200,2.5200,
$50 NBA Daily 8/13,2020-08-13T23:19:31.359029,estk_4a80d234351242d266ecfa0bb24ccc58,evt_4a80d234351242d2,Donovan Mitchell,NBA,25.95,36.1,19.75,0.37,10.1000,6.0800,12.0000,9.2900
$50 NBA Daily 8/13,2020-08-13T23:19:31.359057,estk_4a80d234351242d29ff8269f39a3a9ef,evt_4a80d234351242d2,Dejounte Murray,NBA,27.32,26.96,9.75,0.37,6.4700,6.5300,8.3000,5.6300
$50 NBA Daily 8/13,2020-08-13T23:19:31.359064,estk_4a80d234351242d26f4d2e8b1bb4befa,evt_4a80d234351242d2,Jakob Poeltl,NBA,23.45,25.77,11,0.37,6.0200,5.3600,7.7500,5.1600
$50 NBA Daily 8/13,2020-08-13T23:19:31.359076,estk_4a80d234351242d2b1f75a880e970eed,evt_4a80d234351242d2,Jordan Clarkson,NBA,20.82,25.12,12,0.37,5.7700,4.6300,7.9000,4.8000
$50 NBA Daily 8/13,2020-08-13T23:19:31.359097,estk_4a80d234351242d247fcee6df283df96,evt_4a80d234351242d2,Joe Ingles,NBA,18.11,21.16,9.75,0.37,4.3800,4.1300,6.2200,3.0400
$50 NBA Daily 8/13,2020-08-13T23:19:31.359109,estk_4a80d234351242d2d990c82c4ca85db2,evt_4a80d234351242d2,DeMar DeRozan,NBA,32.12,20.24,0,0.37,4.2000,8.3600,6.2400,
$50 NBA Daily 8/13,2020-08-13T23:19:31.359112,estk_4a80d234351242d2e7c2f9e4f390b941,evt_4a80d234351242d2,Tony Bradley,NBA,16.59,19.95,9.5,0.37,4.2000,3.6000,5.6000,3.1700
$50 NBA Daily 8/13,2020-08-13T23:19:31.359119,estk_4a80d234351242d21b8140bc473f9c23,evt_4a80d234351242d2,Drew Eubanks,NBA,17.13,19.54,8.75,0.37,4.0500,3.7100,5.4100,2.3200
$50 NBA Daily 8/13,2020-08-13T23:19:31.359138,estk_4a80d234351242d2b739004a5d0b4c8a,evt_4a80d234351242d2,Georges Niang,NBA,14.69,17,7.75,0.37,3.2800,4.8700,4.9600,2.3000
$50 NBA Daily 8/13,2020-08-13T23:19:31.359142,estk_4a80d234351242d2574634846501d886,evt_4a80d234351242d2,Royce O'Neale,NBA,16.49,17.39,7,0.37,3.0700,4.9000,5.0300,2.2000
$50 NBA Daily 8/13,2020-08-13T23:19:31.359149,estk_4a80d234351242d21fa4838d30549dd8,evt_4a80d234351242d2,Derrick White,NBA,22.05,13.89,0,0.37,2.6600,4.9300,4.4400,1.6000
$50 NBA Daily 8/13,2020-08-13T23:19:31.359153,estk_4a80d234351242d22ed463b920700b5c,evt_4a80d234351242d2,Rudy Gay,NBA,19.76,12.45,0,0.37,2.4000,4.3500,4.1300,1.6900
$50 NBA Daily 8/13,2020-08-13T23:19:31.359163,estk_4a80d234351242d20bf89af99c16eece,evt_4a80d234351242d2,Bryn Forbes,NBA,0,0,0,0.37,1.0000,2.5200,2.5200,
$50 NBA Daily 8/13,2020-08-13T23:19:31.359167,estk_4a80d234351242d22d5eb9139e57478c,evt_4a80d234351242d2,Rudy Gobert,NBA,0,0,0,0.37,1.0000,2.5200,2.5200,
$50 NBA Daily 8/13,2020-08-13T23:19:31.359171,estk_4a80d234351242d22c3266def21aaa4b,evt_4a80d234351242d2,Mike Conley,NBA,0,0,0,0.37,1.0000,1.8500,2.5200,
$50 NBA Daily 8/13,2020-08-13T23:19:31.359178,estk_4a80d234351242d23492ddf6c0c1365d,evt_4a80d234351242d2,Patty Mills,NBA,0,0,0,0.37,1.0000,2.5200,2.5200,
$50 NBA Daily 8/13,2020-08-13T23:23:36.211211,estk_4a80d234351242d266ecfa0bb24ccc58,evt_4a80d234351242d2,Donovan Mitchell,NBA,25.95,37.09,21,0.38,11.1500,6.0800,12.8300,9.3900
$50 NBA Daily 8/13,2020-08-13T23:23:36.211239,estk_4a80d234351242d29ff8269f39a3a9ef,evt_4a80d234351242d2,Dejounte Murray,NBA,27.32,26.69,9.75,0.38,6.2800,6.5300,7.8300,5.3000
$50 NBA Daily 8/13,2020-08-13T23:23:36.211254,estk_4a80d234351242d26f4d2e8b1bb4befa,evt_4a80d234351242d2,Jakob Poeltl,NBA,23.45,25.54,11,0.38,5.8000,5.3600,7.3800,4.8800
$50 NBA Daily 8/13,2020-08-13T23:23:36.211258,estk_4a80d234351242d2b1f75a880e970eed,evt_4a80d234351242d2,Jordan Clarkson,NBA,20.82,24.41,11.5,0.38,5.5600,7.1300,7.1300,4.4100
$50 NBA Daily 8/13,2020-08-13T23:23:36.211286,estk_4a80d234351242d2e7c2f9e4f390b941,evt_4a80d234351242d2,Tony Bradley,NBA,16.59,21.04,10.75,0.38,4.2700,3.6000,5.5100,3.0200
$50 NBA Daily 8/13,2020-08-13T23:23:36.211290,estk_4a80d234351242d247fcee6df283df96,evt_4a80d234351242d2,Joe Ingles,NBA,18.11,20.98,9.75,0.38,4.2600,6.2200,5.9000,3.0400
$50 NBA Daily 8/13,2020-08-13T23:23:36.211297,estk_4a80d234351242d2d990c82c4ca85db2,evt_4a80d234351242d2,DeMar DeRozan,NBA,32.12,19.91,0,0.38,3.9700,5.5700,5.5500,2.6200
$50 NBA Daily 8/13,2020-08-13T23:23:36.211301,estk_4a80d234351242d21b8140bc473f9c23,evt_4a80d234351242d2,Drew Eubanks,NBA,17.13,19.37,8.75,0.38,3.7900,3.7100,5.4100,2.3200
$50 NBA Daily 8/13,2020-08-13T23:23:36.211319,estk_4a80d234351242d2b739004a5d0b4c8a,evt_4a80d234351242d2,Georges Niang,NBA,14.69,16.86,7.75,0.38,3.2000,4.7700,4.7500,2.2200
$50 NBA Daily 8/13,2020-08-13T23:23:36.211323,estk_4a80d234351242d2574634846501d886,evt_4a80d234351242d2,Royce O'Neale,NBA,16.49,15.97,5.75,0.38,3.0100,4.9000,4.5500,2.1700
$50 NBA Daily 8/13,2020-08-13T23:23:36.211331,estk_4a80d234351242d21fa4838d30549dd8,evt_4a80d234351242d2,Derrick White,NBA,22.05,13.67,0,0.38,2.5600,4.2100,4.0800,1.4900
$50 NBA Daily 8/13,2020-08-13T23:23:36.211335,estk_4a80d234351242d22ed463b920700b5c,evt_4a80d234351242d2,Rudy Gay,NBA,19.76,12.25,0,0.38,2.3000,3.8800,3.8600,1.3300
$50 NBA Daily 8/13,2020-08-13T23:23:36.211346,estk_4a80d234351242d20bf89af99c16eece,evt_4a80d234351242d2,Bryn Forbes,NBA,0,0,0,0.38,1.0000,2.5200,2.5200,
$50 NBA Daily 8/13,2020-08-13T23:23:36.211350,estk_4a80d234351242d22d5eb9139e57478c,evt_4a80d234351242d2,Rudy Gobert,NBA,0,0,0,0.38,1.0000,2.5200,2.5200,
$50 NBA Daily 8/13,2020-08-13T23:23:36.211353,estk_4a80d234351242d22c3266def21aaa4b,evt_4a80d234351242d2,Mike Conley,NBA,0,0,0,0.38,1.0000,2.5200,2.5200,
$50 NBA Daily 8/13,2020-08-13T23:23:36.211365,estk_4a80d234351242d23492ddf6c0c1365d,evt_4a80d234351242d2,Patty Mills,NBA,0,0,0,0.38,1.0000,2.5200,2.5200,
$50 NBA Daily 8/13,2020-08-13T23:25:38.731275,estk_4a80d234351242d266ecfa0bb24ccc58,evt_4a80d234351242d2,Donovan Mitchell,NBA,25.95,36.31,21,0.41,11.0300,6.0800,12.8300,9.4300
$50 NBA Daily 8/13,2020-08-13T23:25:38.731303,estk_4a80d234351242d29ff8269f39a3a9ef,evt_4a80d234351242d2,Dejounte Murray,NBA,27.32,25.87,9.75,0.41,6.2300,6.5300,7.8300,5.3000
$50 NBA Daily 8/13,2020-08-13T23:25:38.731318,estk_4a80d234351242d26f4d2e8b1bb4befa,evt_4a80d234351242d2,Jakob Poeltl,NBA,23.45,26.09,12.25,0.41,5.7400,5.3600,7.3800,4.8800
$50 NBA Daily 8/13,2020-08-13T23:25:38.731325,estk_4a80d234351242d2b1f75a880e970eed,evt_4a80d234351242d2,Jordan Clarkson,NBA,20.82,23.78,11.5,0.41,5.2800,7.1300,7.1300,4.4100
$50 NBA Daily 8/13,2020-08-13T23:25:38.731350,estk_4a80d234351242d2e7c2f9e4f390b941,evt_4a80d234351242d2,Tony Bradley,NBA,16.59,20.54,10.75,0.41,4.2500,3.6000,5.5100,3.0200
$50 NBA Daily 8/13,2020-08-13T23:25:38.731354,estk_4a80d234351242d247fcee6df283df96,evt_4a80d234351242d2,Joe Ingles,NBA,18.11,20.43,9.75,0.41,4.2400,6.2200,5.9000,3.0400
$50 NBA Daily 8/13,2020-08-13T23:25:38.731361,estk_4a80d234351242d2d990c82c4ca85db2,evt_4a80d234351242d2,DeMar DeRozan,NBA,32.12,18.95,0,0.41,3.9300,5.5700,5.5500,2.6200
$50 NBA Daily 8/13,2020-08-13T23:25:38.731365,estk_4a80d234351242d21b8140bc473f9c23,evt_4a80d234351242d2,Drew Eubanks,NBA,17.13,18.86,8.75,0.41,3.7900,3.7100,5.4100,2.3200
$50 NBA Daily 8/13,2020-08-13T23:25:38.731384,estk_4a80d234351242d2b739004a5d0b4c8a,evt_4a80d234351242d2,Georges Niang,NBA,14.69,16.42,7.75,0.41,3.2100,4.7700,4.7500,2.2200
$50 NBA Daily 8/13,2020-08-13T23:25:38.731387,estk_4a80d234351242d2574634846501d886,evt_4a80d234351242d2,Royce O'Neale,NBA,16.49,15.48,5.75,0.41,2.9500,4.9000,4.5000,1.7200
$50 NBA Daily 8/13,2020-08-13T23:25:38.731395,estk_4a80d234351242d21fa4838d30549dd8,evt_4a80d234351242d2,Derrick White,NBA,22.05,13.01,0,0.41,2.5000,4.2100,4.0800,1.4900
$50 NBA Daily 8/13,2020-08-13T23:25:38.731399,estk_4a80d234351242d22ed463b920700b5c,evt_4a80d234351242d2,Rudy Gay,NBA,19.76,11.66,0,0.41,2.2800,3.8800,3.8300,1.3300
$50 NBA Daily 8/13,2020-08-13T23:25:38.731411,estk_4a80d234351242d20bf89af99c16eece,evt_4a80d234351242d2,Bryn Forbes,NBA,0,0,0,0.41,1.0000,2.5200,2.5200,
$50 NBA Daily 8/13,2020-08-13T23:25:38.731415,estk_4a80d234351242d22d5eb9139e57478c,evt_4a80d234351242d2,Rudy Gobert,NBA,0,0,0,0.41,1.0000,2.5200,2.5200,
$50 NBA Daily 8/13,2020-08-13T23:25:38.731418,estk_4a80d234351242d22c3266def21aaa4b,evt_4a80d234351242d2,Mike Conley,NBA,0,0,0,0.41,1.0000,2.5200,2.5200,
$50 NBA Daily 8/13,2020-08-13T23:25:38.731426,estk_4a80d234351242d23492ddf6c0c1365d,evt_4a80d234351242d2,Patty Mills,NBA,0,0,0,0.41,1.0000,2.5200,2.5200,
$50 NBA Daily 8/13,2020-08-13T23:27:41.000314,estk_4a80d234351242d266ecfa0bb24ccc58,evt_4a80d234351242d2,Donovan Mitchell,NBA,25.95,35.79,21,0.43,10.6500,6.0800,12.8300,9.4300
$50 NBA Daily 8/13,2020-08-13T23:27:41.000348,estk_4a80d234351242d26f4d2e8b1bb4befa,evt_4a80d234351242d2,Jakob Poeltl,NBA,23.45,25.62,12.25,0.43,5.9600,5.3600,7.3800,4.7000
$50 NBA Daily 8/13,2020-08-13T23:27:41.000356,estk_4a80d234351242d29ff8269f39a3a9ef,evt_4a80d234351242d2,Dejounte Murray,NBA,27.32,25.57,10,0.43,5.8400,6.5300,7.4600,4.8400
$50 NBA Daily 8/13,2020-08-13T23:27:41.000363,estk_4a80d234351242d2b1f75a880e970eed,evt_4a80d234351242d2,Jordan Clarkson,NBA,20.82,23.37,11.5,0.43,5.1200,7.1300,6.7700,4.1500
$50 NBA Daily 8/13,2020-08-13T23:27:41.000396,estk_4a80d234351242d2e7c2f9e4f390b941,evt_4a80d234351242d2,Tony Bradley,NBA,16.59,21.46,12,0.43,4.0800,3.6000,5.5100,3.0200
$50 NBA Daily 8/13,2020-08-13T23:27:41.000400,estk_4a80d234351242d247fcee6df283df96,evt_4a80d234351242d2,Joe Ingles,NBA,18.11,20.07,9.75,0.43,4.0400,6.2200,5.6200,3.0400
$50 NBA Daily 8/13,2020-08-13T23:27:41.000403,estk_4a80d234351242d2b739004a5d0b4c8a,evt_4a80d234351242d2,Georges Niang,NBA,14.69,19.62,11.25,0.43,3.8700,4.7700,4.9600,2.2200
$50 NBA Daily 8/13,2020-08-13T23:27:41.000411,estk_4a80d234351242d2d990c82c4ca85db2,evt_4a80d234351242d2,DeMar DeRozan,NBA,32.12,18.31,0,0.43,3.6500,5.5700,5.2200,2.6200
$50 NBA Daily 8/13,2020-08-13T23:27:41.000415,estk_4a80d234351242d21b8140bc473f9c23,evt_4a80d234351242d2,Drew Eubanks,NBA,17.13,18.51,8.75,0.43,3.6200,3.7100,5.4100,2.3200
