name,time,id,event_id,stock_name,sector,fantasy_points_projected,fantasy_points_projected_live,fantasy_points_scored,amount_completed,estimated_price,last_price,ask_price,bid_price
$500 NBA Daily 8/13,2020-08-12T16:00:19.304270,estk_704bf44927134484f6c7d554d2fa9f75,evt_704bf44927134484,Nikola Vucevic,NBA,44.2,,,,,,,
$500 NBA Daily 8/13,2020-08-12T16:00:19.304301,estk_704bf4492713448401113a8407ed38e2,evt_704bf44927134484,Damian Lillard,NBA,43.7,,,,,,,
$500 NBA Daily 8/13,2020-08-12T16:00:19.304306,estk_704bf449271344842d5eb9139e57478c,evt_704bf44927134484,Rudy Gobert,NBA,40.9,,,,,,,
$500 NBA Daily 8/13,2020-08-12T16:00:19.304310,estk_704bf449271344841a3043d6384c59cc,evt_704bf44927134484,Jusuf Nurkic,NBA,37.99,,,,,,,
$500 NBA Daily 8/13,2020-08-12T16:00:19.304314,estk_704bf4492713448466ecfa0bb24ccc58,evt_704bf44927134484,Donovan Mitchell,NBA,36.32,,,,,,,
$500 NBA Daily 8/13,2020-08-12T16:00:19.304318,estk_704bf4492713448492a366f55dc75d93,evt_704bf44927134484,Jrue Holiday,NBA,35.31,,,,,,,
$500 NBA Daily 8/13,2020-08-12T16:00:19.304322,estk_704bf449271344844641ef307a4855e5,evt_704bf44927134484,CJ McCollum,NBA,32.77,,,,,,,
$500 NBA Daily 8/13,2020-08-12T16:00:19.304326,estk_704bf449271344844f8bfd04c6dc18eb,evt_704bf44927134484,Caris LeVert,NBA,31.99,,,,,,,
$500 NBA Daily 8/13,2020-08-12T16:00:19.304330,estk_704bf44927134484d990c82c4ca85db2,evt_704bf44927134484,DeMar DeRozan,NBA,31.99,,,,,,,
$500 NBA Daily 8/13,2020-08-12T16:00:19.304334,estk_704bf4492713448455086ea38656fe99,evt_704bf44927134484,Aaron Gordon,NBA,31.33,,,,,,,
$500 NBA Daily 8/13,2020-08-12T16:00:19.304338,estk_704bf4492713448476c100ef2f1e6d85,evt_704bf44927134484,Jarrett Allen,NBA,31.21,,,,,,,
$500 NBA Daily 8/13,2020-08-12T16:00:19.304341,estk_704bf4492713448450924ad9a2f1f059,evt_704bf44927134484,Brandon Ingram,NBA,30.51,,,,,,,
$500 NBA Daily 8/13,2020-08-12T16:00:19.304345,estk_704bf449271344842c3266def21aaa4b,evt_704bf44927134484,Mike Conley,NBA,26.89,,,,,,,
$500 NBA Daily 8/13,2020-08-12T16:00:19.304349,estk_704bf4492713448455ca3ac70f0e0b62,evt_704bf44927134484,Lonzo Ball,NBA,26.2,,,,,,,
$500 NBA Daily 8/13,2020-08-12T16:00:19.304353,estk_704bf449271344843c7eaf589d0dd271,evt_704bf44927134484,Joe Harris,NBA,26.16,,,,,,,
$500 NBA Daily 8/13,2020-08-12T16:00:19.304356,estk_704bf4492713448458d79b9f2662f624,evt_704bf44927134484,Evan Fournier,NBA,25,,,,,,,
$500 NBA Daily 8/13,2020-08-12T16:00:19.304360,estk_704bf4492713448447fcee6df283df96,evt_704bf44927134484,Joe Ingles,NBA,24.69,,,,,,,
$500 NBA Daily 8/13,2020-08-12T16:00:19.304364,estk_704bf44927134484b4cad04e823623ff,evt_704bf44927134484,Derrick Favors,NBA,24.36,,,,,,,
$500 NBA Daily 8/13,2020-08-12T16:00:19.304368,estk_704bf44927134484b1f75a880e970eed,evt_704bf44927134484,Jordan Clarkson,NBA,24.16,,,,,,,
$500 NBA Daily 8/13,2020-08-12T16:00:19.304372,estk_704bf449271344846a7e9a693923060b,evt_704bf44927134484,Carmelo Anthony,NBA,23.81,,,,,,,
$500 NBA Daily 8/13,2020-08-12T16:00:19.304376,estk_704bf44927134484487417e1e5d7f89a,evt_704bf44927134484,Zach Collins,NBA,22.33,,,,,,,
$500 NBA Daily 8/13,2020-08-12T16:00:19.304380,estk_704bf449271344849ff8269f39a3a9ef,evt_704bf44927134484,Dejounte Murray,NBA,22.07,,,,,,,
$500 NBA Daily 8/13,2020-08-12T16:00:19.304384,estk_704bf44927134484f95aa87cc77383be,evt_704bf44927134484,Markelle Fultz,NBA,21.98,,,,,,,
$500 NBA Daily 8/13,2020-08-12T16:00:19.304387,estk_704bf44927134484574634846501d886,evt_704bf44927134484,Royce O'Neale,NBA,21.76,,,,,,,
$500 NBA Daily 8/13,2020-08-12T16:00:19.304391,estk_704bf449271344840b04a4c808a880c2,evt_704bf44927134484,Gary Trent,NBA,21.34,,,,,,,
$500 NBA Daily 8/13,2020-08-12T16:00:19.304396,estk_704bf449271344843298b0c055fa35dd,evt_704bf44927134484,JJ Redick,NBA,20.79,,,,,,,
$500 NBA Daily 8/13,2020-08-12T16:00:19.304400,estk_704bf449271344841fa4838d30549dd8,evt_704bf44927134484,Derrick White,NBA,20.56,,,,,,,
$500 NBA Daily 8/13,2020-08-12T16:00:19.304403,estk_704bf4492713448431303064abb30322,evt_704bf44927134484,Hassan Whiteside,NBA,20.09,,,,,,,
$500 NBA Daily 8/13,2020-08-12T16:00:19.304407,estk_704bf449271344846f4d2e8b1bb4befa,evt_704bf44927134484,Jakob Poeltl,NBA,19.76,,,,,,,
$500 NBA Daily 8/13,2020-08-12T16:00:19.304410,estk_704bf449271344842ed463b920700b5c,evt_704bf44927134484,Rudy Gay,NBA,19.71,,,,,,,
$500 NBA Daily 8/13,2020-08-12T16:00:19.304414,estk_704bf449271344847d8f05cf2dd6dbea,evt_704bf44927134484,D.J. Augustin,NBA,19.18,,,,,,,
$500 NBA Daily 8/13,2020-08-12T16:00:19.304417,estk_704bf44927134484bfd309e259bdf641,evt_704bf44927134484,Timothe Luwawu-Cabarrot,NBA,18.65,,,,,,,
$500 NBA Daily 8/13,2020-08-12T16:00:19.304421,estk_704bf449271344845684a141296027b3,evt_704bf44927134484,James Ennis,NBA,17.87,,,,,,,
$500 NBA Daily 8/13,2020-08-12T16:00:19.304425,estk_704bf4492713448434e281c85e12c538,evt_704bf44927134484,Khem Birch,NBA,17.63,,,,,,,
$500 NBA Daily 8/13,2020-08-12T16:00:19.304428,estk_704bf44927134484e7c2f9e4f390b941,evt_704bf44927134484,Tony Bradley,NBA,16.59,,,,,,,
$500 NBA Daily 8/13,2020-08-12T16:00:19.304432,estk_704bf449271344845a3d5db921064e90,evt_704bf44927134484,Michael Carter-Williams,NBA,15.71,,,,,,,
$500 NBA Daily 8/13,2020-08-12T16:00:19.304437,estk_704bf44927134484123bbfae9f057d5e,evt_704bf44927134484,Garrett Temple,NBA,15.33,,,,,,,
$500 NBA Daily 8/13,2020-08-12T16:00:19.304440,estk_704bf44927134484b739004a5d0b4c8a,evt_704bf44927134484,Georges Niang,NBA,14.69,,,,,,,
$500 NBA Daily 8/13,2020-08-12T16:00:19.304444,estk_704bf4492713448401e420d6a93820ae,evt_704bf44927134484,Josh Hart,NBA,14.57,,,,,,,
$500 NBA Daily 8/13,2020-08-12T16:00:19.304447,estk_704bf449271344840bf89af99c16eece,evt_704bf44927134484,Bryn Forbes,NBA,14.17,,,,,,,
$500 NBA Daily 8/13,2020-08-12T16:00:19.304451,estk_704bf449271344841b62dea0e6c0b803,evt_704bf44927134484,Nicolo Melli,NBA,13.73,,,,,,,
$500 NBA Daily 8/13,2020-08-12T16:00:19.304454,estk_704bf449271344849cee22af3ea1dc2f,evt_704bf44927134484,Donta Hall,NBA,12.73,,,,,,,
$500 NBA Daily 8/13,2020-08-12T16:00:19.304458,estk_704bf44927134484d79bd510a6bc7e98,evt_704bf44927134484,Wes Iwundu,NBA,12.62,,,,,,,
$500 NBA Daily 8/13,2020-08-12T16:00:19.304461,estk_704bf449271344844d1c69d8245efd1d,evt_704bf44927134484,Jaxson Hayes,NBA,12.57,,,,,,,
$500 NBA Daily 8/13,2020-08-12T16:00:19.304465,estk_704bf449271344841b8140bc473f9c23,evt_704bf44927134484,Drew Eubanks,NBA,12.53,,,,,,,
$500 NBA Daily 8/13,2020-08-12T16:00:19.304468,estk_704bf449271344843492ddf6c0c1365d,evt_704bf44927134484,Patty Mills,NBA,12.3,,,,,,,
$500 NBA Daily 8/13,2020-08-12T16:00:19.304472,estk_704bf44927134484274626226171ee23,evt_704bf44927134484,Frank Jackson,NBA,11.85,,,,,,,
$500 NBA Daily 8/13,2020-08-12T16:00:19.304475,estk_704bf4492713448471c7bab997849403,evt_704bf44927134484,Chris Chiozza,NBA,11.47,,,,,,,
$500 NBA Daily 8/13,2020-08-12T16:16:24.216963,estk_704bf44927134484f6c7d554d2fa9f75,evt_704bf44927134484,Nikola Vucevic,NBA,44.2,,,,11.9000,1.0900,,
$500 NBA Daily 8/13,2020-08-12T16:16:24.216993,estk_704bf4492713448401113a8407ed38e2,evt_704bf44927134484,Damian Lillard,NBA,43.7,,,,11.5900,1.0900,,
$500 NBA Daily 8/13,2020-08-12T16:16:24.216998,estk_704bf449271344842d5eb9139e57478c,evt_704bf44927134484,Rudy Gobert,NBA,40.9,,,,10.2800,1.0800,,
$500 NBA Daily 8/13,2020-08-12T16:16:24.217002,estk_704bf449271344841a3043d6384c59cc,evt_704bf44927134484,Jusuf Nurkic,NBA,37.99,,,,9.0500,1.0700,,
$500 NBA Daily 8/13,2020-08-12T16:16:24.217006,estk_704bf4492713448466ecfa0bb24ccc58,evt_704bf44927134484,Donovan Mitchell,NBA,36.32,,,,8.3500,1.0600,,
$500 NBA Daily 8/13,2020-08-12T16:16:24.217009,estk_704bf4492713448492a366f55dc75d93,evt_704bf44927134484,Jrue Holiday,NBA,35.31,,,,8.0800,1.0600,,
$500 NBA Daily 8/13,2020-08-12T16:16:24.217014,estk_704bf449271344844641ef307a4855e5,evt_704bf44927134484,CJ McCollum,NBA,32.77,,,,6.9300,1.0500,,
$500 NBA Daily 8/13,2020-08-12T16:16:24.217018,estk_704bf449271344844f8bfd04c6dc18eb,evt_704bf44927134484,Caris LeVert,NBA,31.99,,,,6.7900,1.0500,,
$500 NBA Daily 8/13,2020-08-12T16:16:24.217022,estk_704bf44927134484d990c82c4ca85db2,evt_704bf44927134484,DeMar DeRozan,NBA,31.99,,,,6.7200,1.0500,,
$500 NBA Daily 8/13,2020-08-12T16:16:24.217026,estk_704bf4492713448455086ea38656fe99,evt_704bf44927134484,Aaron Gordon,NBA,31.33,,,,6.4900,1.0500,,
$500 NBA Daily 8/13,2020-08-12T16:16:24.217029,estk_704bf4492713448476c100ef2f1e6d85,evt_704bf44927134484,Jarrett Allen,NBA,31.21,,,,6.4800,1.0500,,
$500 NBA Daily 8/13,2020-08-12T16:16:24.217033,estk_704bf4492713448450924ad9a2f1f059,evt_704bf44927134484,Brandon Ingram,NBA,30.51,,,,6.1800,1.0400,,
$500 NBA Daily 8/13,2020-08-12T16:16:24.217037,estk_704bf449271344842c3266def21aaa4b,evt_704bf44927134484,Mike Conley,NBA,26.89,,,,5.1000,1.0400,,
$500 NBA Daily 8/13,2020-08-12T16:16:24.217041,estk_704bf449271344843c7eaf589d0dd271,evt_704bf44927134484,Joe Harris,NBA,26.16,,,,4.8900,1.0300,,
$500 NBA Daily 8/13,2020-08-12T16:16:24.217044,estk_704bf4492713448455ca3ac70f0e0b62,evt_704bf44927134484,Lonzo Ball,NBA,26.2,,,,4.8500,1.0300,,
$500 NBA Daily 8/13,2020-08-12T16:16:24.217048,estk_704bf4492713448458d79b9f2662f624,evt_704bf44927134484,Evan Fournier,NBA,25,,,,4.4900,1.0300,,
$500 NBA Daily 8/13,2020-08-12T16:16:24.217052,estk_704bf4492713448447fcee6df283df96,evt_704bf44927134484,Joe Ingles,NBA,24.69,,,,4.4200,1.0300,,
$500 NBA Daily 8/13,2020-08-12T16:16:24.217056,estk_704bf44927134484b4cad04e823623ff,evt_704bf44927134484,Derrick Favors,NBA,24.36,,,,4.3400,1.0300,,
$500 NBA Daily 8/13,2020-08-12T16:16:24.217060,estk_704bf44927134484b1f75a880e970eed,evt_704bf44927134484,Jordan Clarkson,NBA,24.16,,,,4.2900,1.0300,,
$500 NBA Daily 8/13,2020-08-12T16:16:24.217064,estk_704bf449271344846a7e9a693923060b,evt_704bf44927134484,Carmelo Anthony,NBA,23.81,,,,4.2100,1.0300,,
$500 NBA Daily 8/13,2020-08-12T16:16:24.217067,estk_704bf449271344849ff8269f39a3a9ef,evt_704bf44927134484,Dejounte Murray,NBA,22.07,,,,3.8400,1.0200,,
$500 NBA Daily 8/13,2020-08-12T16:16:24.217071,estk_704bf44927134484f95aa87cc77383be,evt_704bf44927134484,Markelle Fultz,NBA,21.98,,,,3.8400,1.0200,,
$500 NBA Daily 8/13,2020-08-12T16:16:24.217075,estk_704bf44927134484487417e1e5d7f89a,evt_704bf44927134484,Zach Collins,NBA,22.33,,,,3.8000,1.0200,,
$500 NBA Daily 8/13,2020-08-12T16:16:24.217078,estk_704bf44927134484574634846501d886,evt_704bf44927134484,Royce O'Neale,NBA,21.76,,,,3.7300,1.0200,,
$500 NBA Daily 8/13,2020-08-12T16:16:24.217082,estk_704bf449271344840b04a4c808a880c2,evt_704bf44927134484,Gary Trent,NBA,21.34,,,,3.6100,1.0200,,
$500 NBA Daily 8/13,2020-08-12T16:16:24.217085,estk_704bf449271344843298b0c055fa35dd,evt_704bf44927134484,JJ Redick,NBA,20.79,,,,3.5400,1.0200,,
$500 NBA Daily 8/13,2020-08-12T16:16:24.217089,estk_704bf449271344841fa4838d30549dd8,evt_704bf44927134484,Derrick White,NBA,20.56,,,,3.4900,1.0200,,
$500 NBA Daily 8/13,2020-08-12T16:16:24.217097,estk_704bf4492713448431303064abb30322,evt_704bf44927134484,Hassan Whiteside,NBA,20.09,,,,3.3900,1.0200,,
$500 NBA Daily 8/13,2020-08-12T16:16:24.217101,estk_704bf449271344846f4d2e8b1bb4befa,evt_704bf44927134484,Jakob Poeltl,NBA,19.76,,,,3.3400,1.0200,,
$500 NBA Daily 8/13,2020-08-12T16:16:24.217104,estk_704bf449271344842ed463b920700b5c,evt_704bf44927134484,Rudy Gay,NBA,19.71,,,,3.2900,1.0200,,
$500 NBA Daily 8/13,2020-08-12T16:16:24.217108,estk_704bf449271344847d8f05cf2dd6dbea,evt_704bf44927134484,D.J. Augustin,NBA,19.18,,,,3.2200,1.0200,,
$500 NBA Daily 8/13,2020-08-12T16:16:24.217111,estk_704bf44927134484bfd309e259bdf641,evt_704bf44927134484,Timothe Luwawu-Cabarrot,NBA,18.65,,,,3.1700,1.0200,,
$500 NBA Daily 8/13,2020-08-12T16:16:24.217115,estk_704bf449271344845684a141296027b3,evt_704bf44927134484,James Ennis,NBA,17.87,,,,2.9800,1.0200,,
$500 NBA Daily 8/13,2020-08-12T16:16:24.217118,estk_704bf4492713448434e281c85e12c538,evt_704bf44927134484,Khem Birch,NBA,17.63,,,,2.9100,1.0200,,
$500 NBA Daily 8/13,2020-08-12T16:16:24.217122,estk_704bf44927134484e7c2f9e4f390b941,evt_704bf44927134484,Tony Bradley,NBA,16.59,,,,2.7200,1.0100,,
$500 NBA Daily 8/13,2020-08-12T16:16:24.217126,estk_704bf449271344845a3d5db921064e90,evt_704bf44927134484,Michael Carter-Williams,NBA,15.71,,,,2.6200,1.0100,,
$500 NBA Daily 8/13,2020-08-12T16:16:24.217130,estk_704bf44927134484123bbfae9f057d5e,evt_704bf44927134484,Garrett Temple,NBA,15.33,,,,2.5700,1.0100,,
$500 NBA Daily 8/13,2020-08-12T16:16:24.217133,estk_704bf44927134484b739004a5d0b4c8a,evt_704bf44927134484,Georges Niang,NBA,14.69,,,,2.4900,1.0100,,
$500 NBA Daily 8/13,2020-08-12T16:16:24.217137,estk_704bf4492713448401e420d6a93820ae,evt_704bf44927134484,Josh Hart,NBA,14.57,,,,2.4400,1.0100,,
$500 NBA Daily 8/13,2020-08-12T16:16:24.217140,estk_704bf449271344840bf89af99c16eece,evt_704bf44927134484,Bryn Forbes,NBA,14.17,,,,2.3700,1.0100,,
$500 NBA Daily 8/13,2020-08-12T16:16:24.217144,estk_704bf449271344841b62dea0e6c0b803,evt_704bf44927134484,Nicolo Melli,NBA,13.73,,,,2.3600,1.0100,,
$500 NBA Daily 8/13,2020-08-12T16:16:24.217147,estk_704bf449271344849cee22af3ea1dc2f,evt_704bf44927134484,Donta Hall,NBA,12.73,,,,2.2300,1.0100,,
$500 NBA Daily 8/13,2020-08-12T16:16:24.217151,estk_704bf44927134484d79bd510a6bc7e98,evt_704bf44927134484,Wes Iwundu,NBA,12.62,,,,2.2100,1.0100,,
$500 NBA Daily 8/13,2020-08-12T16:16:24.217154,estk_704bf449271344841b8140bc473f9c23,evt_704bf44927134484,Drew Eubanks,NBA,12.53,,,,2.1800,1.0100,,
$500 NBA Daily 8/13,2020-08-12T16:16:24.217158,estk_704bf449271344844d1c69d8245efd1d,evt_704bf44927134484,Jaxson Hayes,NBA,12.57,,,,2.1700,1.0100,,
$500 NBA Daily 8/13,2020-08-12T16:16:24.217161,estk_704bf449271344843492ddf6c0c1365d,evt_704bf44927134484,Patty Mills,NBA,12.3,,,,2.1700,1.0100,,
$500 NBA Daily 8/13,2020-08-12T16:16:24.217164,estk_704bf44927134484274626226171ee23,evt_704bf44927134484,Frank Jackson,NBA,11.85,,,,2.0900,1.0100,,
$500 NBA Daily 8/13,2020-08-12T16:16:24.217168,estk_704bf4492713448471c7bab997849403,evt_704bf44927134484,Chris Chiozza,NBA,11.47,,,,2.0600,1.0100,,
$500 NBA Daily 8/13,2020-08-13T14:05:02.650959,estk_704bf44927134484f6c7d554d2fa9f75,evt_704bf44927134484,Nikola Vucevic,NBA,44.2,,,,15.5300,11.5100,,
$500 NBA Daily 8/13,2020-08-13T14:05:02.650990,estk_704bf4492713448401113a8407ed38e2,evt_704bf44927134484,Damian Lillard,NBA,44.08,,,,15.4800,11.1500,,
$500 NBA Daily 8/13,2020-08-13T14:05:02.650996,estk_704bf449271344841a3043d6384c59cc,evt_704bf44927134484,Jusuf Nurkic,NBA,37.44,,,,11.6900,8.7600,,
$500 NBA Daily 8/13,2020-08-13T14:05:02.651000,estk_704bf449271344844641ef307a4855e5,evt_704bf44927134484,CJ McCollum,NBA,32.48,,,,9.1600,6.8900,,
$500 NBA Daily 8/13,2020-08-13T14:05:02.651004,estk_704bf449271344844f8bfd04c6dc18eb,evt_704bf44927134484,Caris LeVert,NBA,31.99,,,,8.9300,6.7300,,
$500 NBA Daily 8/13,2020-08-13T14:05:02.651008,estk_704bf44927134484d990c82c4ca85db2,evt_704bf44927134484,DeMar DeRozan,NBA,32.12,,,,8.8800,6.7700,,
$500 NBA Daily 8/13,2020-08-13T14:05:02.651012,estk_704bf4492713448476c100ef2f1e6d85,evt_704bf44927134484,Jarrett Allen,NBA,31.21,,,,8.4500,6.4200,,
$500 NBA Daily 8/13,2020-08-13T14:05:02.651016,estk_704bf449271344849ff8269f39a3a9ef,evt_704bf44927134484,Dejounte Murray,NBA,27.32,,,,6.7300,5.1800,,
$500 NBA Daily 8/13,2020-08-13T14:05:02.651019,estk_704bf4492713448455ca3ac70f0e0b62,evt_704bf44927134484,Lonzo Ball,NBA,26.23,,,,6.3600,4.8500,,
$500 NBA Daily 8/13,2020-08-13T14:05:02.651023,estk_704bf449271344843c7eaf589d0dd271,evt_704bf44927134484,Joe Harris,NBA,26.16,,,,6.3100,4.8400,,
$500 NBA Daily 8/13,2020-08-13T14:05:02.651027,estk_704bf4492713448466ecfa0bb24ccc58,evt_704bf44927134484,Donovan Mitchell,NBA,25.95,,,,6.2100,4.7700,,
$500 NBA Daily 8/13,2020-08-13T14:05:02.651030,estk_704bf449271344846a7e9a693923060b,evt_704bf44927134484,Carmelo Anthony,NBA,24.88,,,,5.8000,4.4700,,
$500 NBA Daily 8/13,2020-08-13T14:05:02.651034,estk_704bf449271344846f4d2e8b1bb4befa,evt_704bf44927134484,Jakob Poeltl,NBA,23.45,,,,5.2900,4.1200,,
$500 NBA Daily 8/13,2020-08-13T14:05:02.651037,estk_704bf44927134484487417e1e5d7f89a,evt_704bf44927134484,Zach Collins,NBA,22.35,,,,4.9200,3.8500,,
$500 NBA Daily 8/13,2020-08-13T14:05:02.651041,estk_704bf449271344841fa4838d30549dd8,evt_704bf44927134484,Derrick White,NBA,22.05,,,,4.8100,3.7700,,
$500 NBA Daily 8/13,2020-08-13T14:05:02.651045,estk_704bf44927134484f95aa87cc77383be,evt_704bf44927134484,Markelle Fultz,NBA,21.98,,,,4.8100,3.7600,,
$500 NBA Daily 8/13,2020-08-13T14:05:02.651049,estk_704bf44927134484b1f75a880e970eed,evt_704bf44927134484,Jordan Clarkson,NBA,20.82,,,,4.4900,3.5200,,
$500 NBA Daily 8/13,2020-08-13T14:05:02.651053,estk_704bf4492713448447fcee6df283df96,evt_704bf44927134484,Joe Ingles,NBA,20.58,,,,4.3800,3.4400,,
$500 NBA Daily 8/13,2020-08-13T14:05:02.651057,estk_704bf449271344843298b0c055fa35dd,evt_704bf44927134484,JJ Redick,NBA,20.79,,,,4.3700,3.4900,,
$500 NBA Daily 8/13,2020-08-13T14:05:02.651060,estk_704bf449271344840b04a4c808a880c2,evt_704bf44927134484,Gary Trent,NBA,20.6,,,,4.3200,3.4600,,
$500 NBA Daily 8/13,2020-08-13T14:05:02.651064,estk_704bf4492713448431303064abb30322,evt_704bf44927134484,Hassan Whiteside,NBA,20.1,,,,4.2000,3.3500,,
$500 NBA Daily 8/13,2020-08-13T14:05:02.651067,estk_704bf449271344842ed463b920700b5c,evt_704bf44927134484,Rudy Gay,NBA,19.76,,,,4.1100,3.2900,,
$500 NBA Daily 8/13,2020-08-13T14:05:02.651070,estk_704bf449271344847d8f05cf2dd6dbea,evt_704bf44927134484,D.J. Augustin,NBA,19.18,,,,3.9100,3.1600,,
$500 NBA Daily 8/13,2020-08-13T14:05:02.651074,estk_704bf449271344841b62dea0e6c0b803,evt_704bf44927134484,Nicolo Melli,NBA,18.79,,,,3.8900,3.0900,,
$500 NBA Daily 8/13,2020-08-13T14:05:02.651078,estk_704bf44927134484bfd309e259bdf641,evt_704bf44927134484,Timothe Luwawu-Cabarrot,NBA,18.65,,,,3.8300,3.0700,,
$500 NBA Daily 8/13,2020-08-13T14:05:02.651081,estk_704bf4492713448401e420d6a93820ae,evt_704bf44927134484,Josh Hart,NBA,18.31,,,,3.7500,3.0000,,
$500 NBA Daily 8/13,2020-08-13T14:05:02.651085,estk_704bf449271344845684a141296027b3,evt_704bf44927134484,James Ennis,NBA,17.87,,,,3.5900,2.9200,,
$500 NBA Daily 8/13,2020-08-13T14:05:02.651088,estk_704bf4492713448434e281c85e12c538,evt_704bf44927134484,Khem Birch,NBA,17.63,,,,3.5200,2.8800,,
$500 NBA Daily 8/13,2020-08-13T14:05:02.651092,estk_704bf449271344841b8140bc473f9c23,evt_704bf44927134484,Drew Eubanks,NBA,17.13,,,,3.4100,2.7900,,
$500 NBA Daily 8/13,2020-08-13T14:05:02.651096,estk_704bf44927134484e7c2f9e4f390b941,evt_704bf44927134484,Tony Bradley,NBA,16.59,,,,3.2800,2.7200,,
$500 NBA Daily 8/13,2020-08-13T14:05:02.651100,estk_704bf44927134484574634846501d886,evt_704bf44927134484,Royce O'Neale,NBA,16.49,,,,3.2400,2.7000,,
$500 NBA Daily 8/13,2020-08-13T14:05:02.651103,estk_704bf44927134484123bbfae9f057d5e,evt_704bf44927134484,Garrett Temple,NBA,15.33,,,,3.0400,2.5200,,
$500 NBA Daily 8/13,2020-08-13T14:05:02.651107,estk_704bf44927134484274626226171ee23,evt_704bf44927134484,Frank Jackson,NBA,15.05,,,,2.9500,2.4600,,
$500 NBA Daily 8/13,2020-08-13T14:05:02.651111,estk_704bf44927134484b739004a5d0b4c8a,evt_704bf44927134484,Georges Niang,NBA,14.69,,,,2.9100,2.4200,,
$500 NBA Daily 8/13,2020-08-13T14:05:02.651115,estk_704bf44927134484d79bd510a6bc7e98,evt_704bf44927134484,Wes Iwundu,NBA,12.62,,,,2.5300,2.1500,,
$500 NBA Daily 8/13,2020-08-13T14:05:02.651118,estk_704bf449271344849cee22af3ea1dc2f,evt_704bf44927134484,Donta Hall,NBA,12.73,,,,2.5100,2.1900,,
$500 NBA Daily 8/13,2020-08-13T14:05:02.651123,estk_704bf449271344844d1c69d8245efd1d,evt_704bf44927134484,Jaxson Hayes,NBA,11.72,,,,2.3500,2.0600,,
$500 NBA Daily 8/13,2020-08-13T14:05:02.651126,estk_704bf4492713448471c7bab997849403,evt_704bf44927134484,Chris Chiozza,NBA,11.47,,,,2.3400,2.0200,,
$500 NBA Daily 8/13,2020-08-13T14:05:02.651133,estk_704bf449271344845a3d5db921064e90,evt_704bf44927134484,Michael Carter-Williams,NBA,0,,,,1.0000,1.0300,,
$500 NBA Daily 8/13,2020-08-13T14:05:02.651137,estk_704bf4492713448450924ad9a2f1f059,evt_704bf44927134484,Brandon Ingram,NBA,0,,,,1.0000,1.9500,,
$500 NBA Daily 8/13,2020-08-13T14:05:02.651140,estk_704bf449271344842c3266def21aaa4b,evt_704bf44927134484,Mike Conley,NBA,0,,,,1.0000,1.8400,,
$500 NBA Daily 8/13,2020-08-13T14:05:02.651144,estk_704bf449271344842d5eb9139e57478c,evt_704bf44927134484,Rudy Gobert,NBA,0,,,,1.0000,2.7600,,
$500 NBA Daily 8/13,2020-08-13T14:05:02.651147,estk_704bf449271344843492ddf6c0c1365d,evt_704bf44927134484,Patty Mills,NBA,0,,,,1.0000,1.3700,,
$500 NBA Daily 8/13,2020-08-13T14:05:02.651151,estk_704bf4492713448458d79b9f2662f624,evt_704bf44927134484,Evan Fournier,NBA,0,,,,1.0000,1.0700,,
$500 NBA Daily 8/13,2020-08-13T14:05:02.651154,estk_704bf44927134484b4cad04e823623ff,evt_704bf44927134484,Derrick Favors,NBA,0,,,,1.0000,1.6000,,
$500 NBA Daily 8/13,2020-08-13T14:05:02.651158,estk_704bf4492713448455086ea38656fe99,evt_704bf44927134484,Aaron Gordon,NBA,0,,,,1.0000,1.1200,,
$500 NBA Daily 8/13,2020-08-13T14:05:02.651162,estk_704bf449271344840bf89af99c16eece,evt_704bf44927134484,Bryn Forbes,NBA,0,,,,1.0000,1.4300,,
$500 NBA Daily 8/13,2020-08-13T14:05:02.651166,estk_704bf4492713448492a366f55dc75d93,evt_704bf44927134484,Jrue Holiday,NBA,0,,,,1.0000,2.2900,,
$500 NBA Daily 8/13,2020-08-13T20:59:53.430932,estk_704bf4492713448401113a8407ed38e2,evt_704bf44927134484,Damian Lillard,NBA,45.21,45.21,0,0,16.2300,15.2600,18.0500,
$500 NBA Daily 8/13,2020-08-13T20:59:53.430963,estk_704bf449271344841a3043d6384c59cc,evt_704bf44927134484,Jusuf Nurkic,NBA,37.44,37.44,0,0,11.8600,11.2100,13.6000,
$500 NBA Daily 8/13,2020-08-13T20:59:53.430968,estk_704bf44927134484f6c7d554d2fa9f75,evt_704bf44927134484,Nikola Vucevic,NBA,32.49,32.49,0,0,9.3200,12.9100,11.0100,
$500 NBA Daily 8/13,2020-08-13T20:59:53.430972,estk_704bf449271344844641ef307a4855e5,evt_704bf44927134484,CJ McCollum,NBA,32.48,32.48,0,0,9.2300,8.8300,10.9100,
$500 NBA Daily 8/13,2020-08-13T20:59:53.430976,estk_704bf44927134484d990c82c4ca85db2,evt_704bf44927134484,DeMar DeRozan,NBA,32.12,32.12,0,0,9.1500,8.6800,10.8300,
$500 NBA Daily 8/13,2020-08-13T20:59:53.430981,estk_704bf449271344844f8bfd04c6dc18eb,evt_704bf44927134484,Caris LeVert,NBA,31.99,31.99,0,0,9.0500,8.5800,10.7300,
$500 NBA Daily 8/13,2020-08-13T20:59:53.430985,estk_704bf4492713448476c100ef2f1e6d85,evt_704bf44927134484,Jarrett Allen,NBA,31.21,31.21,0,0,8.6800,8.3000,10.3500,
$500 NBA Daily 8/13,2020-08-13T20:59:53.430989,estk_704bf449271344849ff8269f39a3a9ef,evt_704bf44927134484,Dejounte Murray,NBA,27.32,27.32,0,0,6.9300,6.7200,8.5700,
$500 NBA Daily 8/13,2020-08-13T20:59:53.430993,estk_704bf4492713448455ca3ac70f0e0b62,evt_704bf44927134484,Lonzo Ball,NBA,26.23,26.23,0,0,6.4600,6.2800,8.0900,
$500 NBA Daily 8/13,2020-08-13T20:59:53.430997,estk_704bf449271344843c7eaf589d0dd271,evt_704bf44927134484,Joe Harris,NBA,26.16,26.16,0,0,6.4400,6.1900,8.0700,
$500 NBA Daily 8/13,2020-08-13T20:59:53.431001,estk_704bf4492713448466ecfa0bb24ccc58,evt_704bf44927134484,Donovan Mitchell,NBA,25.95,25.95,0,0,6.4100,6.1700,8.0400,
$500 NBA Daily 8/13,2020-08-13T20:59:53.431005,estk_704bf449271344846a7e9a693923060b,evt_704bf44927134484,Carmelo Anthony,NBA,24.88,24.88,0,0,5.9900,5.7800,7.6100,
$500 NBA Daily 8/13,2020-08-13T20:59:53.431009,estk_704bf4492713448434e281c85e12c538,evt_704bf44927134484,Khem Birch,NBA,24.49,24.49,0,0,5.8400,5.6200,7.4600,
$500 NBA Daily 8/13,2020-08-13T20:59:53.431013,estk_704bf44927134484f95aa87cc77383be,evt_704bf44927134484,Markelle Fultz,NBA,23.74,23.74,0,0,5.6200,5.3900,7.2300,
$500 NBA Daily 8/13,2020-08-13T20:59:53.431018,estk_704bf449271344846f4d2e8b1bb4befa,evt_704bf44927134484,Jakob Poeltl,NBA,23.45,23.45,0,0,5.4900,5.3200,7.1000,
$500 NBA Daily 8/13,2020-08-13T20:59:53.431021,estk_704bf44927134484487417e1e5d7f89a,evt_704bf44927134484,Zach Collins,NBA,22.35,22.35,0,0,5.1000,4.9500,6.7000,
$500 NBA Daily 8/13,2020-08-13T20:59:53.431025,estk_704bf449271344841fa4838d30549dd8,evt_704bf44927134484,Derrick White,NBA,22.05,22.05,0,0,5.0200,4.8300,,
$500 NBA Daily 8/13,2020-08-13T20:59:53.431029,estk_704bf449271344843298b0c055fa35dd,evt_704bf44927134484,JJ Redick,NBA,20.79,20.79,0,0,4.6200,4.4500,6.2100,
$500 NBA Daily 8/13,2020-08-13T20:59:53.431033,estk_704bf44927134484b1f75a880e970eed,evt_704bf44927134484,Jordan Clarkson,NBA,20.82,20.82,0,0,4.6100,4.4700,6.2000,
$500 NBA Daily 8/13,2020-08-13T20:59:53.431037,estk_704bf449271344840b04a4c808a880c2,evt_704bf44927134484,Gary Trent,NBA,20.6,20.6,0,0,4.5900,4.3900,6.1800,
$500 NBA Daily 8/13,2020-08-13T20:59:53.431041,estk_704bf4492713448431303064abb30322,evt_704bf44927134484,Hassan Whiteside,NBA,20.1,20.1,0,0,4.4200,4.2700,6.0100,
$500 NBA Daily 8/13,2020-08-13T20:59:53.431044,estk_704bf449271344842ed463b920700b5c,evt_704bf44927134484,Rudy Gay,NBA,19.76,19.76,0,0,4.3400,4.1600,5.9300,
$500 NBA Daily 8/13,2020-08-13T20:59:53.431048,estk_704bf449271344847d8f05cf2dd6dbea,evt_704bf44927134484,D.J. Augustin,NBA,19.18,19.18,0,0,4.1300,4.0300,5.7100,
$500 NBA Daily 8/13,2020-08-13T20:59:53.431052,estk_704bf449271344841b62dea0e6c0b803,evt_704bf44927134484,Nicolo Melli,NBA,18.79,18.79,0,0,4.0500,3.9200,5.6300,
$500 NBA Daily 8/13,2020-08-13T20:59:53.431055,estk_704bf44927134484bfd309e259bdf641,evt_704bf44927134484,Timothe Luwawu-Cabarrot,NBA,18.65,18.65,0,0,4.0000,3.8400,5.5800,
$500 NBA Daily 8/13,2020-08-13T20:59:53.431059,estk_704bf4492713448401e420d6a93820ae,evt_704bf44927134484,Josh Hart,NBA,18.31,18.31,0,0,3.9200,3.7700,5.5000,
$500 NBA Daily 8/13,2020-08-13T20:59:53.431063,estk_704bf4492713448447fcee6df283df96,evt_704bf44927134484,Joe Ingles,NBA,18.11,18.11,0,0,3.8800,4.0400,5.4600,
$500 NBA Daily 8/13,2020-08-13T20:59:53.431066,estk_704bf449271344841b8140bc473f9c23,evt_704bf44927134484,Drew Eubanks,NBA,17.13,17.13,0,0,3.5800,3.5400,5.1500,
$500 NBA Daily 8/13,2020-08-13T20:59:53.431070,estk_704bf44927134484e7c2f9e4f390b941,evt_704bf44927134484,Tony Bradley,NBA,16.59,16.59,0,0,3.4700,3.3600,5.0400,
$500 NBA Daily 8/13,2020-08-13T20:59:53.431074,estk_704bf44927134484574634846501d886,evt_704bf44927134484,Royce O'Neale,NBA,16.49,16.49,0,0,3.4600,3.3300,5.0300,
$500 NBA Daily 8/13,2020-08-13T20:59:53.431078,estk_704bf44927134484d79bd510a6bc7e98,evt_704bf44927134484,Wes Iwundu,NBA,16.22,16.22,0,0,3.4300,3.2900,5.0000,
$500 NBA Daily 8/13,2020-08-13T20:59:53.431082,estk_704bf44927134484123bbfae9f057d5e,evt_704bf44927134484,Garrett Temple,NBA,15.33,15.33,0,0,3.2000,3.1100,4.7600,
$500 NBA Daily 8/13,2020-08-13T20:59:53.431086,estk_704bf44927134484274626226171ee23,evt_704bf44927134484,Frank Jackson,NBA,15.05,15.05,0,0,3.1300,3.0600,4.6900,
$500 NBA Daily 8/13,2020-08-13T20:59:53.431089,estk_704bf44927134484b739004a5d0b4c8a,evt_704bf44927134484,Georges Niang,NBA,14.69,14.69,0,0,3.0500,2.9700,4.6100,
$500 NBA Daily 8/13,2020-08-13T20:59:53.431093,estk_704bf449271344845684a141296027b3,evt_704bf44927134484,James Ennis,NBA,14.69,14.69,0,0,3.0300,3.4500,4.5900,
$500 NBA Daily 8/13,2020-08-13T20:59:53.431097,estk_704bf449271344844d1c69d8245efd1d,evt_704bf44927134484,Jaxson Hayes,NBA,11.72,11.72,0,0,2.5200,2.4600,4.0700,
$500 NBA Daily 8/13,2020-08-13T20:59:53.431102,estk_704bf449271344842c3266def21aaa4b,evt_704bf44927134484,Mike Conley,NBA,0,0,0,0,1.0000,1.8400,2.5200,
$500 NBA Daily 8/13,2020-08-13T20:59:53.431106,estk_704bf4492713448450924ad9a2f1f059,evt_704bf44927134484,Brandon Ingram,NBA,0,0,0,0,1.0000,1.9500,2.5200,
$500 NBA Daily 8/13,2020-08-13T20:59:53.431110,estk_704bf449271344842d5eb9139e57478c,evt_704bf44927134484,Rudy Gobert,NBA,0,0,0,0,1.0000,2.7600,2.5200,
$500 NBA Daily 8/13,2020-08-13T20:59:53.431114,estk_704bf44927134484b4cad04e823623ff,evt_704bf44927134484,Derrick Favors,NBA,0,0,0,0,1.0000,1.6000,2.5200,
$500 NBA Daily 8/13,2020-08-13T20:59:53.431118,estk_704bf449271344840bf89af99c16eece,evt_704bf44927134484,Bryn Forbes,NBA,0,0,0,0,1.0000,1.4300,,
$500 NBA Daily 8/13,2020-08-13T20:59:53.431122,estk_704bf449271344845a3d5db921064e90,evt_704bf44927134484,Michael Carter-Williams,NBA,0,0,0,0,1.0000,1.0300,2.5200,
$500 NBA Daily 8/13,2020-08-13T20:59:53.431125,estk_704bf4492713448492a366f55dc75d93,evt_704bf44927134484,Jrue Holiday,NBA,0,0,0,0,1.0000,2.2900,2.5200,
$500 NBA Daily 8/13,2020-08-13T20:59:53.431129,estk_704bf449271344843492ddf6c0c1365d,evt_704bf44927134484,Patty Mills,NBA,0,0,0,0,1.0000,1.3700,,
$500 NBA Daily 8/13,2020-08-13T20:59:53.431133,estk_704bf4492713448455086ea38656fe99,evt_704bf44927134484,Aaron Gordon,NBA,0,0,0,0,1.0000,1.1200,2.5200,
$500 NBA Daily 8/13,2020-08-13T20:59:53.431137,estk_704bf4492713448471c7bab997849403,evt_704bf44927134484,Chris Chiozza,NBA,0,0,0,0,1.0000,2.2700,2.5200,
$500 NBA Daily 8/13,2020-08-13T20:59:53.431141,estk_704bf4492713448458d79b9f2662f624,evt_704bf44927134484,Evan Fournier,NBA,0,0,0,0,1.0000,1.0700,2.5200,
$500 NBA Daily 8/13,2020-08-13T20:59:53.431145,estk_704bf449271344849cee22af3ea1dc2f,evt_704bf44927134484,Donta Hall,NBA,0,0,0,0,1.0000,2.4400,2.5200,
$500 NBA Daily 8/13,2020-08-13T22:38:45.061030,estk_704bf44927134484d990c82c4ca85db2,evt_704bf44927134484,DeMar DeRozan,NBA,32.12,24.09,0,0.25,9.1200,8.6800,10.8300,7.4400
$500 NBA Daily 8/13,2020-08-13T22:38:45.061042,estk_704bf449271344849ff8269f39a3a9ef,evt_704bf44927134484,Dejounte Murray,NBA,27.32,20.49,0,0.25,6.8800,6.7200,8.5700,5.2400
$500 NBA Daily 8/13,2020-08-13T22:38:45.061053,estk_704bf4492713448466ecfa0bb24ccc58,evt_704bf44927134484,Donovan Mitchell,NBA,25.95,19.46,0,0.25,6.3600,6.1700,8.0400,4.7300
$500 NBA Daily 8/13,2020-08-13T22:38:45.061068,estk_704bf449271344846f4d2e8b1bb4befa,evt_704bf44927134484,Jakob Poeltl,NBA,23.45,17.59,0,0.25,5.5000,5.3200,7.1000,4.2000
$500 NBA Daily 8/13,2020-08-13T22:38:45.061076,estk_704bf449271344841fa4838d30549dd8,evt_704bf44927134484,Derrick White,NBA,22.05,16.54,0,0.25,5.0200,4.8300,6.6200,3.4200
$500 NBA Daily 8/13,2020-08-13T22:38:45.061084,estk_704bf44927134484b1f75a880e970eed,evt_704bf44927134484,Jordan Clarkson,NBA,20.82,15.62,0,0.25,4.6100,4.4700,6.2000,3.0200
$500 NBA Daily 8/13,2020-08-13T22:38:45.061095,estk_704bf449271344842ed463b920700b5c,evt_704bf44927134484,Rudy Gay,NBA,19.76,14.82,0,0.25,4.3500,5.9300,5.9300,1.6600
$500 NBA Daily 8/13,2020-08-13T22:38:45.061114,estk_704bf4492713448447fcee6df283df96,evt_704bf44927134484,Joe Ingles,NBA,18.11,13.58,0,0.25,3.8700,4.0400,5.4600,1.8900
$500 NBA Daily 8/13,2020-08-13T22:38:45.061117,estk_704bf449271344841b8140bc473f9c23,evt_704bf44927134484,Drew Eubanks,NBA,17.13,12.85,0,0.25,3.6000,3.5400,5.1500,2.0300
$500 NBA Daily 8/13,2020-08-13T22:38:45.061121,estk_704bf44927134484e7c2f9e4f390b941,evt_704bf44927134484,Tony Bradley,NBA,16.59,12.44,0,0.25,3.4700,3.3600,5.0400,1.9000
$500 NBA Daily 8/13,2020-08-13T22:38:45.061126,estk_704bf44927134484574634846501d886,evt_704bf44927134484,Royce O'Neale,NBA,16.49,12.37,0,0.25,3.4600,3.3300,5.0300,1.8900
$500 NBA Daily 8/13,2020-08-13T22:38:45.061144,estk_704bf44927134484b739004a5d0b4c8a,evt_704bf44927134484,Georges Niang,NBA,14.69,11.02,0,0.25,3.0600,2.9700,4.6100,
$500 NBA Daily 8/13,2020-08-13T22:38:45.061151,estk_704bf449271344842c3266def21aaa4b,evt_704bf44927134484,Mike Conley,NBA,0,0,0,0.25,1.0000,2.5200,2.5200,
$500 NBA Daily 8/13,2020-08-13T22:38:45.061158,estk_704bf449271344842d5eb9139e57478c,evt_704bf44927134484,Rudy Gobert,NBA,0,0,0,0.25,1.0000,2.5200,2.5200,
$500 NBA Daily 8/13,2020-08-13T22:38:45.061165,estk_704bf449271344840bf89af99c16eece,evt_704bf44927134484,Bryn Forbes,NBA,0,0,0,0.25,1.0000,2.5200,2.5200,
$500 NBA Daily 8/13,2020-08-13T22:38:45.061176,estk_704bf449271344843492ddf6c0c1365d,evt_704bf44927134484,Patty Mills,NBA,0,0,0,0.25,1.0000,2.5200,2.5200,2.2900
$500 NBA Daily 8/13,2020-08-13T22:40:47.533509,estk_704bf44927134484d990c82c4ca85db2,evt_704bf44927134484,DeMar DeRozan,NBA,32.12,31.16,0,0.03,6.1300,8.6800,7.7100,4.5100
$500 NBA Daily 8/13,2020-08-13T22:40:47.533529,estk_704bf449271344849ff8269f39a3a9ef,evt_704bf44927134484,Dejounte Murray,NBA,27.32,29,2.5,0.03,4.7200,6.7200,6.3100,3.1600
$500 NBA Daily 8/13,2020-08-13T22:40:47.533547,estk_704bf4492713448466ecfa0bb24ccc58,evt_704bf44927134484,Donovan Mitchell,NBA,25.95,31.42,6.25,0.03,4.4100,6.1700,5.9900,2.8200
$500 NBA Daily 8/13,2020-08-13T22:40:47.533555,estk_704bf449271344846f4d2e8b1bb4befa,evt_704bf44927134484,Jakob Poeltl,NBA,23.45,24.75,2,0.03,3.8400,5.3200,5.4200,2.2700
$500 NBA Daily 8/13,2020-08-13T22:40:47.533565,estk_704bf449271344841fa4838d30549dd8,evt_704bf44927134484,Derrick White,NBA,22.05,21.39,0,0.03,3.5400,4.8300,5.1100,2.0100
$500 NBA Daily 8/13,2020-08-13T22:40:47.533573,estk_704bf44927134484b1f75a880e970eed,evt_704bf44927134484,Jordan Clarkson,NBA,20.82,21.7,1.5,0.03,3.3400,4.4700,4.8800,1.7700
$500 NBA Daily 8/13,2020-08-13T22:40:47.533577,estk_704bf449271344842ed463b920700b5c,evt_704bf44927134484,Rudy Gay,NBA,19.76,19.17,0,0.03,3.1000,5.9300,4.6600,1.6600
$500 NBA Daily 8/13,2020-08-13T22:40:47.533585,estk_704bf4492713448447fcee6df283df96,evt_704bf44927134484,Joe Ingles,NBA,18.11,17.57,0,0.03,2.8800,4.0400,4.4400,1.8900
$500 NBA Daily 8/13,2020-08-13T22:40:47.533589,estk_704bf449271344841b8140bc473f9c23,evt_704bf44927134484,Drew Eubanks,NBA,17.13,16.62,0,0.03,2.7000,4.8200,4.2500,1.1500
$500 NBA Daily 8/13,2020-08-13T22:40:47.533592,estk_704bf44927134484e7c2f9e4f390b941,evt_704bf44927134484,Tony Bradley,NBA,16.59,18.09,2,0.03,2.6500,5.0400,4.1700,1.0700
$500 NBA Daily 8/13,2020-08-13T22:40:47.533596,estk_704bf44927134484574634846501d886,evt_704bf44927134484,Royce O'Neale,NBA,16.49,19.5,3.5,0.03,2.5900,5.0300,4.1400,1.0500
$500 NBA Daily 8/13,2020-08-13T22:40:47.533601,estk_704bf44927134484b739004a5d0b4c8a,evt_704bf44927134484,Georges Niang,NBA,14.69,14.25,0,0.03,2.3700,2.9700,3.9200,1.5000
$500 NBA Daily 8/13,2020-08-13T22:40:47.533605,estk_704bf449271344842c3266def21aaa4b,evt_704bf44927134484,Mike Conley,NBA,0,0,0,0.03,1.0000,2.5200,2.5200,
$500 NBA Daily 8/13,2020-08-13T22:40:47.533612,estk_704bf449271344842d5eb9139e57478c,evt_704bf44927134484,Rudy Gobert,NBA,0,0,0,0.03,1.0000,2.5200,2.5200,
$500 NBA Daily 8/13,2020-08-13T22:40:47.533620,estk_704bf449271344840bf89af99c16eece,evt_704bf44927134484,Bryn Forbes,NBA,0,0,0,0.03,1.0000,2.5200,2.5200,
$500 NBA Daily 8/13,2020-08-13T22:40:47.533630,estk_704bf449271344843492ddf6c0c1365d,evt_704bf44927134484,Patty Mills,NBA,0,0,0,0.03,1.0000,2.5200,2.5200,
$500 NBA Daily 8/13,2020-08-13T22:41:48.719694,estk_704bf4492713448466ecfa0bb24ccc58,evt_704bf44927134484,Donovan Mitchell,NBA,25.95,34.4,9.75,0.05,8.5700,6.0000,6.0000,2.8200
$500 NBA Daily 8/13,2020-08-13T22:41:48.719699,estk_704bf44927134484d990c82c4ca85db2,evt_704bf44927134484,DeMar DeRozan,NBA,32.12,30.51,0,0.05,8.4600,8.6800,7.7100,6.7900
$500 NBA Daily 8/13,2020-08-13T22:41:48.719703,estk_704bf449271344849ff8269f39a3a9ef,evt_704bf44927134484,Dejounte Murray,NBA,27.32,27.95,2,0.05,7.3900,6.7200,6.3100,5.7400
$500 NBA Daily 8/13,2020-08-13T22:41:48.719718,estk_704bf449271344846f4d2e8b1bb4befa,evt_704bf44927134484,Jakob Poeltl,NBA,23.45,24.28,2,0.05,5.8200,5.3200,5.4200,4.2000
$500 NBA Daily 8/13,2020-08-13T22:41:48.719733,estk_704bf44927134484b1f75a880e970eed,evt_704bf44927134484,Jordan Clarkson,NBA,20.82,21.28,1.5,0.05,4.7200,4.4700,4.9100,3.1300
$500 NBA Daily 8/13,2020-08-13T22:41:48.719737,estk_704bf449271344841fa4838d30549dd8,evt_704bf44927134484,Derrick White,NBA,22.05,20.95,0,0.05,4.6100,4.8300,5.1100,3.0200
$500 NBA Daily 8/13,2020-08-13T22:41:48.719756,estk_704bf44927134484574634846501d886,evt_704bf44927134484,Royce O'Neale,NBA,16.49,20.42,4.75,0.05,4.0800,5.0300,4.1400,2.5000
$500 NBA Daily 8/13,2020-08-13T22:41:48.719759,estk_704bf449271344842ed463b920700b5c,evt_704bf44927134484,Rudy Gay,NBA,19.76,18.77,0,0.05,4.0200,5.9300,4.6600,2.4400
$500 NBA Daily 8/13,2020-08-13T22:41:48.719774,estk_704bf44927134484e7c2f9e4f390b941,evt_704bf44927134484,Tony Bradley,NBA,16.59,17.76,2,0.05,3.7400,5.0400,4.2000,2.1700
$500 NBA Daily 8/13,2020-08-13T22:41:48.719778,estk_704bf4492713448447fcee6df283df96,evt_704bf44927134484,Joe Ingles,NBA,18.11,17.2,0,0.05,3.5900,4.0400,4.4400,2.0200
$500 NBA Daily 8/13,2020-08-13T22:41:48.719781,estk_704bf449271344841b8140bc473f9c23,evt_704bf44927134484,Drew Eubanks,NBA,17.13,16.27,0,0.05,3.3700,4.8200,4.2500,1.8000
$500 NBA Daily 8/13,2020-08-13T22:41:48.719800,estk_704bf44927134484b739004a5d0b4c8a,evt_704bf44927134484,Georges Niang,NBA,14.69,13.96,0,0.05,2.8700,2.9700,3.9200,1.5000
$500 NBA Daily 8/13,2020-08-13T22:41:48.719807,estk_704bf449271344842c3266def21aaa4b,evt_704bf44927134484,Mike Conley,NBA,0,0,0,0.05,1.0000,2.5200,2.5200,
$500 NBA Daily 8/13,2020-08-13T22:41:48.719814,estk_704bf449271344842d5eb9139e57478c,evt_704bf44927134484,Rudy Gobert,NBA,0,0,0,0.05,1.0000,2.5200,2.5200,
$500 NBA Daily 8/13,2020-08-13T22:41:48.719822,estk_704bf449271344840bf89af99c16eece,evt_704bf44927134484,Bryn Forbes,NBA,0,0,0,0.05,1.0000,2.5200,2.5200,
$500 NBA Daily 8/13,2020-08-13T22:41:48.719832,estk_704bf449271344843492ddf6c0c1365d,evt_704bf44927134484,Patty Mills,NBA,0,0,0,0.05,1.0000,2.5200,2.5200,
$500 NBA Daily 8/13,2020-08-13T22:46:54.600889,estk_704bf4492713448466ecfa0bb24ccc58,evt_704bf44927134484,Donovan Mitchell,NBA,25.95,33.88,9.75,0.07,10.0400,6.0000,11.7400,8.4000
$500 NBA Daily 8/13,2020-08-13T22:46:54.600910,estk_704bf44927134484d990c82c4ca85db2,evt_704bf44927134484,DeMar DeRozan,NBA,32.12,29.87,0,0.07,8.1900,8.6800,9.7900,6.7900
$500 NBA Daily 8/13,2020-08-13T22:46:54.600914,estk_704bf449271344849ff8269f39a3a9ef,evt_704bf44927134484,Dejounte Murray,NBA,27.32,27.41,2,0.07,7.0200,6.7200,8.6500,5.7400
$500 NBA Daily 8/13,2020-08-13T22:46:54.600933,estk_704bf449271344846f4d2e8b1bb4befa,evt_704bf44927134484,Jakob Poeltl,NBA,23.45,25.31,3.5,0.07,5.5500,5.3200,7.2000,4.2000
$500 NBA Daily 8/13,2020-08-13T22:46:54.600945,estk_704bf44927134484b1f75a880e970eed,evt_704bf44927134484,Jordan Clarkson,NBA,20.82,20.36,1,0.07,4.5800,4.4700,6.1100,3.1300
$500 NBA Daily 8/13,2020-08-13T22:46:54.600952,estk_704bf449271344841fa4838d30549dd8,evt_704bf44927134484,Derrick White,NBA,22.05,20.51,0,0.07,4.5300,4.8300,6.0800,3.0200
$500 NBA Daily 8/13,2020-08-13T22:46:54.600963,estk_704bf44927134484574634846501d886,evt_704bf44927134484,Royce O'Neale,NBA,16.49,20.09,4.75,0.07,4.3200,5.0300,5.6600,2.7600
$500 NBA Daily 8/13,2020-08-13T22:46:54.600977,estk_704bf449271344842ed463b920700b5c,evt_704bf44927134484,Rudy Gay,NBA,19.76,18.38,0,0.07,3.8900,5.9300,5.4300,2.4400
$500 NBA Daily 8/13,2020-08-13T22:46:54.600985,estk_704bf44927134484e7c2f9e4f390b941,evt_704bf44927134484,Tony Bradley,NBA,16.59,19.43,4,0.07,3.6400,5.0400,5.1900,2.1700
$500 NBA Daily 8/13,2020-08-13T22:46:54.600989,estk_704bf4492713448447fcee6df283df96,evt_704bf44927134484,Joe Ingles,NBA,18.11,18.34,1.5,0.07,3.4800,4.0400,5.0100,2.0200
$500 NBA Daily 8/13,2020-08-13T22:46:54.600996,estk_704bf449271344841b8140bc473f9c23,evt_704bf44927134484,Drew Eubanks,NBA,17.13,15.93,0,0.07,3.2500,4.8200,4.7900,1.8000
$500 NBA Daily 8/13,2020-08-13T22:46:54.601011,estk_704bf44927134484b739004a5d0b4c8a,evt_704bf44927134484,Georges Niang,NBA,14.69,13.66,0,0.07,2.8000,2.9700,4.3700,1.5000
$500 NBA Daily 8/13,2020-08-13T22:46:54.601019,estk_704bf449271344842c3266def21aaa4b,evt_704bf44927134484,Mike Conley,NBA,0,0,0,0.07,1.0000,2.5200,2.5200,
$500 NBA Daily 8/13,2020-08-13T22:46:54.601026,estk_704bf449271344842d5eb9139e57478c,evt_704bf44927134484,Rudy Gobert,NBA,0,0,0,0.07,1.0000,2.5200,2.5200,
$500 NBA Daily 8/13,2020-08-13T22:46:54.601034,estk_704bf449271344840bf89af99c16eece,evt_704bf44927134484,Bryn Forbes,NBA,0,0,0,0.07,1.0000,2.5200,2.5200,
$500 NBA Daily 8/13,2020-08-13T22:46:54.601045,estk_704bf449271344843492ddf6c0c1365d,evt_704bf44927134484,Patty Mills,NBA,0,0,0,0.07,1.0000,2.5200,2.5200,
$500 NBA Daily 8/13,2020-08-13T22:47:55.720743,estk_704bf4492713448466ecfa0bb24ccc58,evt_704bf44927134484,Donovan Mitchell,NBA,25.95,33.62,9.75,0.08,9.8500,6.0000,11.7400,8.4000
$500 NBA Daily 8/13,2020-08-13T22:47:55.720764,estk_704bf44927134484d990c82c4ca85db2,evt_704bf44927134484,DeMar DeRozan,NBA,32.12,29.55,0,0.08,7.8900,8.6800,9.7900,6.7900
$500 NBA Daily 8/13,2020-08-13T22:47:55.720768,estk_704bf449271344849ff8269f39a3a9ef,evt_704bf44927134484,Dejounte Murray,NBA,27.32,27.13,2,0.08,6.7700,6.7200,8.6500,5.7400
$500 NBA Daily 8/13,2020-08-13T22:47:55.720787,estk_704bf449271344846f4d2e8b1bb4befa,evt_704bf44927134484,Jakob Poeltl,NBA,23.45,25.07,3.5,0.08,5.8800,5.3200,7.2000,4.2600
$500 NBA Daily 8/13,2020-08-13T22:47:55.720809,estk_704bf449271344841fa4838d30549dd8,evt_704bf44927134484,Derrick White,NBA,22.05,20.29,0,0.08,4.3400,4.8300,6.0800,3.0200
$500 NBA Daily 8/13,2020-08-13T22:47:55.720813,estk_704bf44927134484b1f75a880e970eed,evt_704bf44927134484,Jordan Clarkson,NBA,20.82,20.15,1,0.08,4.3400,4.4700,6.1100,3.1300
$500 NBA Daily 8/13,2020-08-13T22:47:55.720817,estk_704bf44927134484574634846501d886,evt_704bf44927134484,Royce O'Neale,NBA,16.49,21.92,6.75,0.08,4.2200,5.0300,5.6600,2.7600
$500 NBA Daily 8/13,2020-08-13T22:47:55.720825,estk_704bf44927134484e7c2f9e4f390b941,evt_704bf44927134484,Tony Bradley,NBA,16.59,19.26,4,0.08,4.0400,5.0400,5.1900,2.4600
$500 NBA Daily 8/13,2020-08-13T22:47:55.720840,estk_704bf449271344842ed463b920700b5c,evt_704bf44927134484,Rudy Gay,NBA,19.76,18.18,0,0.08,3.7600,5.9300,5.4300,2.4400
$500 NBA Daily 8/13,2020-08-13T22:47:55.720844,estk_704bf4492713448447fcee6df283df96,evt_704bf44927134484,Joe Ingles,NBA,18.11,18.16,1.5,0.08,3.7500,4.0400,5.0100,2.1800
$500 NBA Daily 8/13,2020-08-13T22:47:55.720851,estk_704bf449271344841b8140bc473f9c23,evt_704bf44927134484,Drew Eubanks,NBA,17.13,15.76,0,0.08,3.1500,4.8200,4.7900,1.8000
$500 NBA Daily 8/13,2020-08-13T22:47:55.720866,estk_704bf44927134484b739004a5d0b4c8a,evt_704bf44927134484,Georges Niang,NBA,14.69,13.51,0,0.08,2.7100,2.9700,4.3700,1.5000
$500 NBA Daily 8/13,2020-08-13T22:47:55.720873,estk_704bf449271344842c3266def21aaa4b,evt_704bf44927134484,Mike Conley,NBA,0,0,0,0.08,1.0000,2.5200,2.5200,
$500 NBA Daily 8/13,2020-08-13T22:47:55.720880,estk_704bf449271344842d5eb9139e57478c,evt_704bf44927134484,Rudy Gobert,NBA,0,0,0,0.08,1.0000,2.5200,2.5200,
$500 NBA Daily 8/13,2020-08-13T22:47:55.720887,estk_704bf449271344840bf89af99c16eece,evt_704bf44927134484,Bryn Forbes,NBA,0,0,0,0.08,1.0000,2.5200,2.5200,
$500 NBA Daily 8/13,2020-08-13T22:47:55.720898,estk_704bf449271344843492ddf6c0c1365d,evt_704bf44927134484,Patty Mills,NBA,0,0,0,0.08,1.0000,2.5200,2.5200,
$500 NBA Daily 8/13,2020-08-13T22:48:56.923062,estk_704bf4492713448466ecfa0bb24ccc58,evt_704bf44927134484,Donovan Mitchell,NBA,25.95,32.35,9.25,0.11,9.6300,6.0000,11.7400,8.4000
$500 NBA Daily 8/13,2020-08-13T22:48:56.923082,estk_704bf44927134484d990c82c4ca85db2,evt_704bf44927134484,DeMar DeRozan,NBA,32.12,28.59,0,0.11,7.7500,8.6800,9.4100,6.7900
$500 NBA Daily 8/13,2020-08-13T22:48:56.923086,estk_704bf449271344849ff8269f39a3a9ef,evt_704bf44927134484,Dejounte Murray,NBA,27.32,29.06,4.75,0.11,6.7000,6.7200,8.3300,5.7400
$500 NBA Daily 8/13,2020-08-13T22:48:56.923105,estk_704bf449271344846f4d2e8b1bb4befa,evt_704bf44927134484,Jakob Poeltl,NBA,23.45,28.37,7.5,0.11,5.8800,5.3200,7.2000,4.2600
$500 NBA Daily 8/13,2020-08-13T22:48:56.923117,estk_704bf44927134484574634846501d886,evt_704bf44927134484,Royce O'Neale,NBA,16.49,21.43,6.75,0.11,4.7800,5.0300,5.9300,3.1800
$500 NBA Daily 8/13,2020-08-13T22:48:56.923131,estk_704bf449271344841fa4838d30549dd8,evt_704bf44927134484,Derrick White,NBA,22.05,19.62,0,0.11,4.3400,4.8300,6.0800,3.0200
$500 NBA Daily 8/13,2020-08-13T22:48:56.923135,estk_704bf44927134484b1f75a880e970eed,evt_704bf44927134484,Jordan Clarkson,NBA,20.82,19.03,0.5,0.11,4.2500,4.4700,6.1100,3.1300
$500 NBA Daily 8/13,2020-08-13T22:48:56.923146,estk_704bf44927134484e7c2f9e4f390b941,evt_704bf44927134484,Tony Bradley,NBA,16.59,20.02,5.25,0.11,3.9700,5.0400,5.1900,2.4600
$500 NBA Daily 8/13,2020-08-13T22:48:56.923157,estk_704bf449271344842ed463b920700b5c,evt_704bf44927134484,Rudy Gay,NBA,19.76,17.59,0,0.11,3.7000,5.9300,5.4300,2.4400
$500 NBA Daily 8/13,2020-08-13T22:48:56.923161,estk_704bf4492713448447fcee6df283df96,evt_704bf44927134484,Joe Ingles,NBA,18.11,17.62,1.5,0.11,3.6500,4.0400,5.0100,2.1800
$500 NBA Daily 8/13,2020-08-13T22:48:56.923168,estk_704bf449271344841b8140bc473f9c23,evt_704bf44927134484,Drew Eubanks,NBA,17.13,15.25,0,0.11,3.1500,4.8200,4.7900,1.8000
$500 NBA Daily 8/13,2020-08-13T22:48:56.923182,estk_704bf44927134484b739004a5d0b4c8a,evt_704bf44927134484,Georges Niang,NBA,14.69,13.07,0,0.11,2.6600,2.9700,4.3700,1.5000
$500 NBA Daily 8/13,2020-08-13T22:48:56.923189,estk_704bf449271344842c3266def21aaa4b,evt_704bf44927134484,Mike Conley,NBA,0,0,0,0.11,1.0000,2.5200,2.5200,
$500 NBA Daily 8/13,2020-08-13T22:48:56.923196,estk_704bf449271344842d5eb9139e57478c,evt_704bf44927134484,Rudy Gobert,NBA,0,0,0,0.11,1.0000,2.5200,2.5200,
$500 NBA Daily 8/13,2020-08-13T22:48:56.923204,estk_704bf449271344840bf89af99c16eece,evt_704bf44927134484,Bryn Forbes,NBA,0,0,0,0.11,1.0000,2.5200,2.5200,
$500 NBA Daily 8/13,2020-08-13T22:48:56.923214,estk_704bf449271344843492ddf6c0c1365d,evt_704bf44927134484,Patty Mills,NBA,0,0,0,0.11,1.0000,2.5200,2.5200,
$500 NBA Daily 8/13,2020-08-13T22:49:58.000819,estk_704bf4492713448466ecfa0bb24ccc58,evt_704bf44927134484,Donovan Mitchell,NBA,25.95,32.09,9.25,0.12,9.6300,6.0000,11.7400,8.4000
$500 NBA Daily 8/13,2020-08-13T22:49:58.000840,estk_704bf449271344849ff8269f39a3a9ef,evt_704bf44927134484,Dejounte Murray,NBA,27.32,30.79,6.75,0.12,7.4000,6.7200,8.3300,5.7500
$500 NBA Daily 8/13,2020-08-13T22:49:58.000844,estk_704bf44927134484d990c82c4ca85db2,evt_704bf44927134484,DeMar DeRozan,NBA,32.12,28.27,0,0.12,7.2700,8.6800,9.4100,6.7900
$500 NBA Daily 8/13,2020-08-13T22:49:58.000848,estk_704bf449271344846f4d2e8b1bb4befa,evt_704bf44927134484,Jakob Poeltl,NBA,23.45,28.14,7.5,0.12,7.1100,5.3200,7.2000,5.4700
$500 NBA Daily 8/13,2020-08-13T22:49:58.000882,estk_704bf44927134484574634846501d886,evt_704bf44927134484,Royce O'Neale,NBA,16.49,21.26,6.75,0.12,4.5100,5.0300,5.9300,3.1800
$500 NBA Daily 8/13,2020-08-13T22:49:58.000889,estk_704bf44927134484e7c2f9e4f390b941,evt_704bf44927134484,Tony Bradley,NBA,16.59,19.85,5.25,0.12,4.1300,5.0400,5.1900,2.4600
$500 NBA Daily 8/13,2020-08-13T22:49:58.000897,estk_704bf449271344841fa4838d30549dd8,evt_704bf44927134484,Derrick White,NBA,22.05,19.4,0,0.12,4.0400,4.8300,6.0800,3.0200
$500 NBA Daily 8/13,2020-08-13T22:49:58.000909,estk_704bf44927134484b1f75a880e970eed,evt_704bf44927134484,Jordan Clarkson,NBA,20.82,18.82,0.5,0.12,3.8500,4.4700,6.1100,3.1300
$500 NBA Daily 8/13,2020-08-13T22:49:58.000916,estk_704bf4492713448447fcee6df283df96,evt_704bf44927134484,Joe Ingles,NBA,18.11,20.94,5,0.12,3.5100,4.0400,5.0100,2.1800
$500 NBA Daily 8/13,2020-08-13T22:49:58.000920,estk_704bf449271344842ed463b920700b5c,evt_704bf44927134484,Rudy Gay,NBA,19.76,17.39,0,0.12,3.4700,5.9300,5.4300,2.4400
$500 NBA Daily 8/13,2020-08-13T22:49:58.000939,estk_704bf449271344841b8140bc473f9c23,evt_704bf44927134484,Drew Eubanks,NBA,17.13,15.07,0,0.12,2.9700,4.8200,4.7900,1.8000
$500 NBA Daily 8/13,2020-08-13T22:49:58.000942,estk_704bf44927134484b739004a5d0b4c8a,evt_704bf44927134484,Georges Niang,NBA,14.69,12.93,0,0.12,2.5300,2.9700,4.3700,1.5000
$500 NBA Daily 8/13,2020-08-13T22:49:58.000950,estk_704bf449271344842c3266def21aaa4b,evt_704bf44927134484,Mike Conley,NBA,0,0,0,0.12,1.0000,2.5200,2.5200,
$500 NBA Daily 8/13,2020-08-13T22:49:58.000957,estk_704bf449271344842d5eb9139e57478c,evt_704bf44927134484,Rudy Gobert,NBA,0,0,0,0.12,1.0000,2.5200,2.5200,
$500 NBA Daily 8/13,2020-08-13T22:49:58.000965,estk_704bf449271344840bf89af99c16eece,evt_704bf44927134484,Bryn Forbes,NBA,0,0,0,0.12,1.0000,2.5200,2.5200,
$500 NBA Daily 8/13,2020-08-13T22:49:58.000976,estk_704bf449271344843492ddf6c0c1365d,evt_704bf44927134484,Patty Mills,NBA,0,0,0,0.12,1.0000,2.5200,2.5200,
$500 NBA Daily 8/13,2020-08-13T22:52:00.341947,estk_704bf4492713448466ecfa0bb24ccc58,evt_704bf44927134484,Donovan Mitchell,NBA,25.95,37.82,15.5,0.14,8.8600,6.0000,10.5400,7.1900
$500 NBA Daily 8/13,2020-08-13T22:52:00.341956,estk_704bf449271344849ff8269f39a3a9ef,evt_704bf44927134484,Dejounte Murray,NBA,27.32,29.75,6.25,0.14,8.1500,6.7200,9.8100,6.4900
$500 NBA Daily 8/13,2020-08-13T22:52:00.341960,estk_704bf449271344846f4d2e8b1bb4befa,evt_704bf44927134484,Jakob Poeltl,NBA,23.45,29.67,9.5,0.14,7.0700,5.3200,8.6600,5.4700
$500 NBA Daily 8/13,2020-08-13T22:52:00.341964,estk_704bf44927134484d990c82c4ca85db2,evt_704bf44927134484,DeMar DeRozan,NBA,32.12,27.62,0,0.14,7.0400,8.6800,8.6800,6.1000
$500 NBA Daily 8/13,2020-08-13T22:52:00.342002,estk_704bf44927134484574634846501d886,evt_704bf44927134484,Royce O'Neale,NBA,16.49,20.93,6.75,0.14,4.4800,5.0300,5.9300,3.1800
$500 NBA Daily 8/13,2020-08-13T22:52:00.342006,estk_704bf4492713448447fcee6df283df96,evt_704bf44927134484,Joe Ingles,NBA,18.11,20.57,5,0.14,4.3900,4.0400,5.9800,2.8000
$500 NBA Daily 8/13,2020-08-13T22:52:00.342017,estk_704bf44927134484e7c2f9e4f390b941,evt_704bf44927134484,Tony Bradley,NBA,16.59,21.52,7.25,0.14,4.0800,5.0400,5.2400,2.5000
$500 NBA Daily 8/13,2020-08-13T22:52:00.342028,estk_704bf449271344841fa4838d30549dd8,evt_704bf44927134484,Derrick White,NBA,22.05,18.96,0,0.14,3.9100,4.8300,5.4900,3.0200
$500 NBA Daily 8/13,2020-08-13T22:52:00.342036,estk_704bf44927134484b1f75a880e970eed,evt_704bf44927134484,Jordan Clarkson,NBA,20.82,18.41,0.5,0.14,3.7600,4.4700,5.3400,2.9300
$500 NBA Daily 8/13,2020-08-13T22:52:00.342040,estk_704bf449271344842ed463b920700b5c,evt_704bf44927134484,Rudy Gay,NBA,19.76,16.99,0,0.14,3.4000,5.9300,4.9700,2.4400
$500 NBA Daily 8/13,2020-08-13T22:52:00.342058,estk_704bf449271344841b8140bc473f9c23,evt_704bf44927134484,Drew Eubanks,NBA,17.13,14.73,0,0.14,2.8600,4.8200,4.4200,1.8000
$500 NBA Daily 8/13,2020-08-13T22:52:00.342062,estk_704bf44927134484b739004a5d0b4c8a,evt_704bf44927134484,Georges Niang,NBA,14.69,12.63,0,0.14,2.5000,2.9700,4.3700,1.5000
$500 NBA Daily 8/13,2020-08-13T22:52:00.342069,estk_704bf449271344842c3266def21aaa4b,evt_704bf44927134484,Mike Conley,NBA,0,0,0,0.14,1.0000,2.5200,2.5200,
$500 NBA Daily 8/13,2020-08-13T22:52:00.342077,estk_704bf449271344842d5eb9139e57478c,evt_704bf44927134484,Rudy Gobert,NBA,0,0,0,0.14,1.0000,2.5200,2.5200,
$500 NBA Daily 8/13,2020-08-13T22:52:00.342084,estk_704bf449271344840bf89af99c16eece,evt_704bf44927134484,Bryn Forbes,NBA,0,0,0,0.14,1.0000,2.5200,2.5200,
$500 NBA Daily 8/13,2020-08-13T22:52:00.342096,estk_704bf449271344843492ddf6c0c1365d,evt_704bf44927134484,Patty Mills,NBA,0,0,0,0.14,1.0000,2.5200,2.5200,
$500 NBA Daily 8/13,2020-08-13T22:53:31.975144,estk_704bf4492713448466ecfa0bb24ccc58,evt_704bf44927134484,Donovan Mitchell,NBA,25.95,38.8,17,0.16,11.7400,6.0000,13.4700,10.0200
$500 NBA Daily 8/13,2020-08-13T22:53:31.975169,estk_704bf449271344849ff8269f39a3a9ef,evt_704bf44927134484,Dejounte Murray,NBA,27.32,32.2,9.25,0.16,7.6900,6.7200,9.2600,6.4900
$500 NBA Daily 8/13,2020-08-13T22:53:31.975173,estk_704bf449271344846f4d2e8b1bb4befa,evt_704bf44927134484,Jakob Poeltl,NBA,23.45,28.7,9,0.16,7.5700,5.3200,8.7100,5.4700
$500 NBA Daily 8/13,2020-08-13T22:53:31.975177,estk_704bf44927134484d990c82c4ca85db2,evt_704bf44927134484,DeMar DeRozan,NBA,32.12,26.98,0,0.16,6.6800,8.6800,8.2900,5.4200
$500 NBA Daily 8/13,2020-08-13T22:53:31.975206,estk_704bf44927134484e7c2f9e4f390b941,evt_704bf44927134484,Tony Bradley,NBA,16.59,23.19,9.25,0.16,4.4800,5.0400,5.6200,2.8900
$500 NBA Daily 8/13,2020-08-13T22:53:31.975218,estk_704bf44927134484574634846501d886,evt_704bf44927134484,Royce O'Neale,NBA,16.49,20.6,6.75,0.16,4.2700,5.0300,5.9300,3.1800
$500 NBA Daily 8/13,2020-08-13T22:53:31.975221,estk_704bf4492713448447fcee6df283df96,evt_704bf44927134484,Joe Ingles,NBA,18.11,20.21,5,0.16,4.2100,4.0400,5.7700,2.8000
$500 NBA Daily 8/13,2020-08-13T22:53:31.975239,estk_704bf449271344841fa4838d30549dd8,evt_704bf44927134484,Derrick White,NBA,22.05,18.52,0,0.16,3.7100,4.8300,5.4900,2.7500
$500 NBA Daily 8/13,2020-08-13T22:53:31.975243,estk_704bf44927134484b1f75a880e970eed,evt_704bf44927134484,Jordan Clarkson,NBA,20.82,17.99,0.5,0.16,3.6200,4.4700,5.3400,2.7500
$500 NBA Daily 8/13,2020-08-13T22:53:31.975250,estk_704bf449271344842ed463b920700b5c,evt_704bf44927134484,Rudy Gay,NBA,19.76,16.6,0,0.16,3.2300,5.9300,4.7800,2.3100
$500 NBA Daily 8/13,2020-08-13T22:53:31.975265,estk_704bf449271344841b8140bc473f9c23,evt_704bf44927134484,Drew Eubanks,NBA,17.13,14.39,0,0.16,2.7400,4.8200,4.4200,1.8000
$500 NBA Daily 8/13,2020-08-13T22:53:31.975272,estk_704bf44927134484b739004a5d0b4c8a,evt_704bf44927134484,Georges Niang,NBA,14.69,12.34,0,0.16,2.4000,2.9700,3.9300,1.5000
$500 NBA Daily 8/13,2020-08-13T22:53:31.975275,estk_704bf449271344842c3266def21aaa4b,evt_704bf44927134484,Mike Conley,NBA,0,0,0,0.16,1.0000,2.5200,2.5200,
$500 NBA Daily 8/13,2020-08-13T22:53:31.975283,estk_704bf449271344842d5eb9139e57478c,evt_704bf44927134484,Rudy Gobert,NBA,0,0,0,0.16,1.0000,2.5200,2.5200,
$500 NBA Daily 8/13,2020-08-13T22:53:31.975290,estk_704bf449271344840bf89af99c16eece,evt_704bf44927134484,Bryn Forbes,NBA,0,0,0,0.16,1.0000,2.5200,2.5200,
$500 NBA Daily 8/13,2020-08-13T22:53:31.975302,estk_704bf449271344843492ddf6c0c1365d,evt_704bf44927134484,Patty Mills,NBA,0,0,0,0.16,1.0000,2.5200,2.5200,
$500 NBA Daily 8/13,2020-08-13T22:55:34.549538,estk_704bf4492713448466ecfa0bb24ccc58,evt_704bf44927134484,Donovan Mitchell,NBA,25.95,40.54,19,0.17,12.3200,6.0000,14.0100,10.5100
$500 NBA Daily 8/13,2020-08-13T22:55:34.549560,estk_704bf449271344849ff8269f39a3a9ef,evt_704bf44927134484,Dejounte Murray,NBA,27.32,31.93,9.25,0.17,8.6700,6.7200,10.3400,7.0700
$500 NBA Daily 8/13,2020-08-13T22:55:34.549567,estk_704bf449271344846f4d2e8b1bb4befa,evt_704bf44927134484,Jakob Poeltl,NBA,23.45,30.46,11,0.17,7.0400,5.3200,8.7500,5.9200
$500 NBA Daily 8/13,2020-08-13T22:55:34.549571,estk_704bf44927134484d990c82c4ca85db2,evt_704bf44927134484,DeMar DeRozan,NBA,32.12,26.66,0,0.17,6.3600,8.6800,7.9900,5.4200
$500 NBA Daily 8/13,2020-08-13T22:55:34.549597,estk_704bf44927134484e7c2f9e4f390b941,evt_704bf44927134484,Tony Bradley,NBA,16.59,23.02,9.25,0.17,5.0000,5.0400,6.0700,3.4000
$500 NBA Daily 8/13,2020-08-13T22:55:34.549612,estk_704bf44927134484574634846501d886,evt_704bf44927134484,Royce O'Neale,NBA,16.49,20.44,6.75,0.17,4.2100,5.0300,5.9300,3.1800
$500 NBA Daily 8/13,2020-08-13T22:55:34.549619,estk_704bf4492713448447fcee6df283df96,evt_704bf44927134484,Joe Ingles,NBA,18.11,20.03,5,0.17,4.0100,4.0400,5.7700,2.8000
$500 NBA Daily 8/13,2020-08-13T22:55:34.549634,estk_704bf449271344841fa4838d30549dd8,evt_704bf44927134484,Derrick White,NBA,22.05,18.3,0,0.17,3.5900,4.8300,5.4900,2.7500
$500 NBA Daily 8/13,2020-08-13T22:55:34.549638,estk_704bf44927134484b1f75a880e970eed,evt_704bf44927134484,Jordan Clarkson,NBA,20.82,17.78,0.5,0.17,3.4400,4.4700,5.3400,2.2700
$500 NBA Daily 8/13,2020-08-13T22:55:34.549649,estk_704bf449271344842ed463b920700b5c,evt_704bf44927134484,Rudy Gay,NBA,19.76,16.4,0,0.17,3.1200,5.9300,4.7800,2.2800
$500 NBA Daily 8/13,2020-08-13T22:55:34.549660,estk_704bf449271344841b8140bc473f9c23,evt_704bf44927134484,Drew Eubanks,NBA,17.13,14.22,0,0.17,2.6700,4.8200,4.2200,1.8000
$500 NBA Daily 8/13,2020-08-13T22:55:34.549667,estk_704bf44927134484b739004a5d0b4c8a,evt_704bf44927134484,Georges Niang,NBA,14.69,12.19,0,0.17,2.3000,2.9700,3.8400,1.3100
$500 NBA Daily 8/13,2020-08-13T22:55:34.549672,estk_704bf449271344842c3266def21aaa4b,evt_704bf44927134484,Mike Conley,NBA,0,0,0,0.17,1.0000,2.5200,2.5200,
$500 NBA Daily 8/13,2020-08-13T22:55:34.549679,estk_704bf449271344842d5eb9139e57478c,evt_704bf44927134484,Rudy Gobert,NBA,0,0,0,0.17,1.0000,2.5200,2.5200,
$500 NBA Daily 8/13,2020-08-13T22:55:34.549686,estk_704bf449271344840bf89af99c16eece,evt_704bf44927134484,Bryn Forbes,NBA,0,0,0,0.17,1.0000,2.5200,2.5200,
$500 NBA Daily 8/13,2020-08-13T22:55:34.549697,estk_704bf449271344843492ddf6c0c1365d,evt_704bf44927134484,Patty Mills,NBA,0,0,0,0.17,1.0000,2.5200,2.5200,
$500 NBA Daily 8/13,2020-08-13T22:59:39.063242,estk_704bf4492713448466ecfa0bb24ccc58,evt_704bf44927134484,Donovan Mitchell,NBA,25.95,40.02,19,0.19,13.1900,6.0000,14.9400,11.5000
$500 NBA Daily 8/13,2020-08-13T22:59:39.063265,estk_704bf449271344849ff8269f39a3a9ef,evt_704bf44927134484,Dejounte Murray,NBA,27.32,33.38,11.25,0.19,8.4900,6.7200,10.3400,7.0700
$500 NBA Daily 8/13,2020-08-13T22:59:39.063273,estk_704bf449271344846f4d2e8b1bb4befa,evt_704bf44927134484,Jakob Poeltl,NBA,23.45,29.99,11,0.19,7.8100,5.3200,9.4700,5.9200
$500 NBA Daily 8/13,2020-08-13T22:59:39.063284,estk_704bf44927134484d990c82c4ca85db2,evt_704bf44927134484,DeMar DeRozan,NBA,32.12,26.02,0,0.19,6.2000,8.6800,7.7300,5.0300
$500 NBA Daily 8/13,2020-08-13T22:59:39.063303,estk_704bf44927134484e7c2f9e4f390b941,evt_704bf44927134484,Tony Bradley,NBA,16.59,22.69,9.25,0.19,4.8700,5.0400,6.4500,3.4000
$500 NBA Daily 8/13,2020-08-13T22:59:39.063318,estk_704bf44927134484574634846501d886,evt_704bf44927134484,Royce O'Neale,NBA,16.49,20.11,6.75,0.19,4.0500,5.0300,5.9300,3.1800
$500 NBA Daily 8/13,2020-08-13T22:59:39.063325,estk_704bf4492713448447fcee6df283df96,evt_704bf44927134484,Joe Ingles,NBA,18.11,19.67,5,0.19,3.9900,4.0400,5.7700,2.8000
$500 NBA Daily 8/13,2020-08-13T22:59:39.063340,estk_704bf449271344841fa4838d30549dd8,evt_704bf44927134484,Derrick White,NBA,22.05,17.86,0,0.19,3.4900,4.8300,5.0600,2.4600
$500 NBA Daily 8/13,2020-08-13T22:59:39.063344,estk_704bf44927134484b1f75a880e970eed,evt_704bf44927134484,Jordan Clarkson,NBA,20.82,16.36,-0.5,0.19,3.3500,4.4700,5.3400,2.2700
$500 NBA Daily 8/13,2020-08-13T22:59:39.063355,estk_704bf449271344842ed463b920700b5c,evt_704bf44927134484,Rudy Gay,NBA,19.76,16.01,0,0.19,3.0600,5.9300,4.7800,2.1800
$500 NBA Daily 8/13,2020-08-13T22:59:39.063366,estk_704bf449271344841b8140bc473f9c23,evt_704bf44927134484,Drew Eubanks,NBA,17.13,13.88,0,0.19,2.6100,4.8200,4.2200,1.7200
$500 NBA Daily 8/13,2020-08-13T22:59:39.063373,estk_704bf44927134484b739004a5d0b4c8a,evt_704bf44927134484,Georges Niang,NBA,14.69,13.15,1.25,0.19,2.3100,2.9700,3.8400,1.3100
$500 NBA Daily 8/13,2020-08-13T22:59:39.063377,estk_704bf449271344842c3266def21aaa4b,evt_704bf44927134484,Mike Conley,NBA,0,0,0,0.19,1.0000,2.5200,2.5200,
$500 NBA Daily 8/13,2020-08-13T22:59:39.063384,estk_704bf449271344842d5eb9139e57478c,evt_704bf44927134484,Rudy Gobert,NBA,0,0,0,0.19,1.0000,2.5200,2.5200,
$500 NBA Daily 8/13,2020-08-13T22:59:39.063392,estk_704bf449271344840bf89af99c16eece,evt_704bf44927134484,Bryn Forbes,NBA,0,0,0,0.19,1.0000,2.5200,2.5200,
$500 NBA Daily 8/13,2020-08-13T22:59:39.063402,estk_704bf449271344843492ddf6c0c1365d,evt_704bf44927134484,Patty Mills,NBA,0,0,0,0.19,1.0000,2.5200,2.5200,
$500 NBA Daily 8/13,2020-08-13T23:01:41.478955,estk_704bf4492713448466ecfa0bb24ccc58,evt_704bf44927134484,Donovan Mitchell,NBA,25.95,39.76,19,0.2,12.9800,6.0000,14.9400,11.5000
$500 NBA Daily 8/13,2020-08-13T23:01:41.478966,estk_704bf449271344849ff8269f39a3a9ef,evt_704bf44927134484,Dejounte Murray,NBA,27.32,33.11,11.25,0.2,9.3200,6.7200,11.0100,7.0700
$500 NBA Daily 8/13,2020-08-13T23:01:41.478986,estk_704bf449271344846f4d2e8b1bb4befa,evt_704bf44927134484,Jakob Poeltl,NBA,23.45,29.76,11,0.2,7.5400,5.3200,9.4700,5.9200
$500 NBA Daily 8/13,2020-08-13T23:01:41.478997,estk_704bf44927134484d990c82c4ca85db2,evt_704bf44927134484,DeMar DeRozan,NBA,32.12,25.7,0,0.2,5.9800,8.6800,7.7300,5.0300
$500 NBA Daily 8/13,2020-08-13T23:01:41.479016,estk_704bf44927134484e7c2f9e4f390b941,evt_704bf44927134484,Tony Bradley,NBA,16.59,22.52,9.25,0.2,4.7700,5.0400,6.4500,3.4000
$500 NBA Daily 8/13,2020-08-13T23:01:41.479042,estk_704bf44927134484574634846501d886,evt_704bf44927134484,Royce O'Neale,NBA,16.49,19.94,6.75,0.2,3.9200,5.0300,5.5000,2.9200
$500 NBA Daily 8/13,2020-08-13T23:01:41.479046,estk_704bf4492713448447fcee6df283df96,evt_704bf44927134484,Joe Ingles,NBA,18.11,20.24,5.75,0.2,3.8300,4.0400,5.4100,2.8000
$500 NBA Daily 8/13,2020-08-13T23:01:41.479053,estk_704bf449271344841fa4838d30549dd8,evt_704bf44927134484,Derrick White,NBA,22.05,17.64,0,0.2,3.3800,4.8300,4.9500,2.4600
$500 NBA Daily 8/13,2020-08-13T23:01:41.479068,estk_704bf44927134484b1f75a880e970eed,evt_704bf44927134484,Jordan Clarkson,NBA,20.82,16.16,-0.5,0.2,3.0200,4.4700,4.5800,2.1800
$500 NBA Daily 8/13,2020-08-13T23:01:41.479076,estk_704bf449271344842ed463b920700b5c,evt_704bf44927134484,Rudy Gay,NBA,19.76,15.81,0,0.2,2.9400,5.9300,4.7800,2.1300
$500 NBA Daily 8/13,2020-08-13T23:01:41.479080,estk_704bf449271344841b8140bc473f9c23,evt_704bf44927134484,Drew Eubanks,NBA,17.13,13.2,-0.5,0.2,2.5500,4.8200,4.2200,1.7200
$500 NBA Daily 8/13,2020-08-13T23:01:41.479087,estk_704bf44927134484b739004a5d0b4c8a,evt_704bf44927134484,Georges Niang,NBA,14.69,16.5,4.75,0.2,2.4400,2.9700,3.8400,1.3100
$500 NBA Daily 8/13,2020-08-13T23:01:41.479091,estk_704bf449271344842c3266def21aaa4b,evt_704bf44927134484,Mike Conley,NBA,0,0,0,0.2,1.0000,2.5200,2.5200,
$500 NBA Daily 8/13,2020-08-13T23:01:41.479098,estk_704bf449271344842d5eb9139e57478c,evt_704bf44927134484,Rudy Gobert,NBA,0,0,0,0.2,1.0000,2.5200,2.5200,
$500 NBA Daily 8/13,2020-08-13T23:01:41.479106,estk_704bf449271344840bf89af99c16eece,evt_704bf44927134484,Bryn Forbes,NBA,0,0,0,0.2,1.0000,2.5200,2.5200,
$500 NBA Daily 8/13,2020-08-13T23:01:41.479117,estk_704bf449271344843492ddf6c0c1365d,evt_704bf44927134484,Patty Mills,NBA,0,0,0,0.2,1.0000,2.5200,2.5200,
$500 NBA Daily 8/13,2020-08-13T23:02:42.600669,estk_704bf4492713448466ecfa0bb24ccc58,evt_704bf44927134484,Donovan Mitchell,NBA,25.95,39.5,19,0.21,12.8800,6.0000,14.9400,11.5000
$500 NBA Daily 8/13,2020-08-13T23:02:42.600684,estk_704bf449271344849ff8269f39a3a9ef,evt_704bf44927134484,Dejounte Murray,NBA,27.32,32.83,11.25,0.21,9.0800,6.7200,11.0100,7.4000
$500 NBA Daily 8/13,2020-08-13T23:02:42.600700,estk_704bf449271344846f4d2e8b1bb4befa,evt_704bf44927134484,Jakob Poeltl,NBA,23.45,29.53,11,0.21,7.4800,5.3200,9.4700,5.9200
$500 NBA Daily 8/13,2020-08-13T23:02:42.600715,estk_704bf44927134484d990c82c4ca85db2,evt_704bf44927134484,DeMar DeRozan,NBA,32.12,25.37,0,0.21,5.7800,8.6800,7.7300,4.7300
$500 NBA Daily 8/13,2020-08-13T23:02:42.600730,estk_704bf44927134484e7c2f9e4f390b941,evt_704bf44927134484,Tony Bradley,NBA,16.59,22.36,9.25,0.21,4.7700,5.0400,6.4500,3.4000
$500 NBA Daily 8/13,2020-08-13T23:02:42.600748,estk_704bf4492713448447fcee6df283df96,evt_704bf44927134484,Joe Ingles,NBA,18.11,20.06,5.75,0.21,4.0000,4.0400,5.4100,2.8000
$500 NBA Daily 8/13,2020-08-13T23:02:42.600752,estk_704bf44927134484574634846501d886,evt_704bf44927134484,Royce O'Neale,NBA,16.49,19.78,6.75,0.21,3.9300,5.0300,5.5000,2.9200
$500 NBA Daily 8/13,2020-08-13T23:02:42.600771,estk_704bf449271344841fa4838d30549dd8,evt_704bf44927134484,Derrick White,NBA,22.05,17.42,0,0.21,3.2800,4.8300,4.9500,2.4600
$500 NBA Daily 8/13,2020-08-13T23:02:42.600782,estk_704bf44927134484b739004a5d0b4c8a,evt_704bf44927134484,Georges Niang,NBA,14.69,16.36,4.75,0.21,3.0400,2.9700,,1.3100
$500 NBA Daily 8/13,2020-08-13T23:02:42.600790,estk_704bf44927134484b1f75a880e970eed,evt_704bf44927134484,Jordan Clarkson,NBA,20.82,15.45,-1,0.21,2.9400,4.4700,4.5800,2.0600
$500 NBA Daily 8/13,2020-08-13T23:02:42.600794,estk_704bf449271344842ed463b920700b5c,evt_704bf44927134484,Rudy Gay,NBA,19.76,15.61,0,0.21,2.8900,5.9300,4.5000,1.6600
$500 NBA Daily 8/13,2020-08-13T23:02:42.600801,estk_704bf449271344841b8140bc473f9c23,evt_704bf44927134484,Drew Eubanks,NBA,17.13,15.03,1.5,0.21,2.4000,4.8200,4.2200,1.7200
$500 NBA Daily 8/13,2020-08-13T23:02:42.600805,estk_704bf449271344842c3266def21aaa4b,evt_704bf44927134484,Mike Conley,NBA,0,0,0,0.21,1.0000,2.5200,2.5200,
$500 NBA Daily 8/13,2020-08-13T23:02:42.600812,estk_704bf449271344842d5eb9139e57478c,evt_704bf44927134484,Rudy Gobert,NBA,0,0,0,0.21,1.0000,2.5200,2.5200,
$500 NBA Daily 8/13,2020-08-13T23:02:42.600820,estk_704bf449271344840bf89af99c16eece,evt_704bf44927134484,Bryn Forbes,NBA,0,0,0,0.21,1.0000,2.5200,2.5200,
$500 NBA Daily 8/13,2020-08-13T23:02:42.600831,estk_704bf449271344843492ddf6c0c1365d,evt_704bf44927134484,Patty Mills,NBA,0,0,0,0.21,1.0000,2.5200,2.5200,
$500 NBA Daily 8/13,2020-08-13T23:04:44.823099,estk_704bf4492713448466ecfa0bb24ccc58,evt_704bf44927134484,Donovan Mitchell,NBA,25.95,39.24,19,0.22,12.7200,6.0000,14.3900,11.5000
$500 NBA Daily 8/13,2020-08-13T23:04:44.823118,estk_704bf449271344849ff8269f39a3a9ef,evt_704bf44927134484,Dejounte Murray,NBA,27.32,32.56,11.25,0.22,9.0200,6.7200,11.0100,7.4000
$500 NBA Daily 8/13,2020-08-13T23:04:44.823130,estk_704bf449271344846f4d2e8b1bb4befa,evt_704bf44927134484,Jakob Poeltl,NBA,23.45,29.29,11,0.22,7.4400,5.3200,9.4700,5.9200
$500 NBA Daily 8/13,2020-08-13T23:04:44.823148,estk_704bf44927134484d990c82c4ca85db2,evt_704bf44927134484,DeMar DeRozan,NBA,32.12,25.05,0,0.22,5.6500,8.6800,7.2600,4.7300
$500 NBA Daily 8/13,2020-08-13T23:04:44.823160,estk_704bf44927134484e7c2f9e4f390b941,evt_704bf44927134484,Tony Bradley,NBA,16.59,22.19,9.25,0.22,4.6200,5.0400,6.4500,3.4000
$500 NBA Daily 8/13,2020-08-13T23:04:44.823186,estk_704bf4492713448447fcee6df283df96,evt_704bf44927134484,Joe Ingles,NBA,18.11,19.38,5.25,0.22,3.9100,4.0400,5.4100,2.8000
$500 NBA Daily 8/13,2020-08-13T23:04:44.823193,estk_704bf44927134484574634846501d886,evt_704bf44927134484,Royce O'Neale,NBA,16.49,19.61,6.75,0.22,3.8600,5.0300,5.4300,2.9200
$500 NBA Daily 8/13,2020-08-13T23:04:44.823201,estk_704bf449271344841fa4838d30549dd8,evt_704bf44927134484,Derrick White,NBA,22.05,17.2,0,0.22,3.2600,4.8300,4.9500,2.3400
$500 NBA Daily 8/13,2020-08-13T23:04:44.823215,estk_704bf44927134484b739004a5d0b4c8a,evt_704bf44927134484,Georges Niang,NBA,14.69,17.46,6,0.22,2.9900,2.9700,4.5400,1.3100
$500 NBA Daily 8/13,2020-08-13T23:04:44.823219,estk_704bf449271344842ed463b920700b5c,evt_704bf44927134484,Rudy Gay,NBA,19.76,15.41,0,0.22,2.8800,5.9300,4.4400,1.6600
$500 NBA Daily 8/13,2020-08-13T23:04:44.823223,estk_704bf44927134484b1f75a880e970eed,evt_704bf44927134484,Jordan Clarkson,NBA,20.82,15.24,-1,0.22,2.8200,4.4700,4.5800,1.8700
$500 NBA Daily 8/13,2020-08-13T23:04:44.823227,estk_704bf449271344841b8140bc473f9c23,evt_704bf44927134484,Drew Eubanks,NBA,17.13,14.36,1,0.22,2.7200,4.8200,4.2200,1.5900
$500 NBA Daily 8/13,2020-08-13T23:04:44.823235,estk_704bf449271344842c3266def21aaa4b,evt_704bf44927134484,Mike Conley,NBA,0,0,0,0.22,1.0000,2.5200,2.5200,
$500 NBA Daily 8/13,2020-08-13T23:04:44.823243,estk_704bf449271344842d5eb9139e57478c,evt_704bf44927134484,Rudy Gobert,NBA,0,0,0,0.22,1.0000,2.5200,2.5200,
$500 NBA Daily 8/13,2020-08-13T23:04:44.823251,estk_704bf449271344840bf89af99c16eece,evt_704bf44927134484,Bryn Forbes,NBA,0,0,0,0.22,1.0000,2.5200,2.5200,
$500 NBA Daily 8/13,2020-08-13T23:04:44.823262,estk_704bf449271344843492ddf6c0c1365d,evt_704bf44927134484,Patty Mills,NBA,0,0,0,0.22,1.0000,2.5200,2.5200,
$500 NBA Daily 8/13,2020-08-13T23:05:45.921444,estk_704bf4492713448466ecfa0bb24ccc58,evt_704bf44927134484,Donovan Mitchell,NBA,25.95,38.72,19,0.24,12.6200,6.0000,14.3900,11.5000
$500 NBA Daily 8/13,2020-08-13T23:05:45.921463,estk_704bf449271344849ff8269f39a3a9ef,evt_704bf44927134484,Dejounte Murray,NBA,27.32,31.51,10.75,0.24,8.9700,6.7200,11.0100,7.4000
$500 NBA Daily 8/13,2020-08-13T23:05:45.921474,estk_704bf449271344846f4d2e8b1bb4befa,evt_704bf44927134484,Jakob Poeltl,NBA,23.45,28.82,11,0.24,7.3600,5.3200,9.4700,5.9200
$500 NBA Daily 8/13,2020-08-13T23:05:45.921493,estk_704bf44927134484d990c82c4ca85db2,evt_704bf44927134484,DeMar DeRozan,NBA,32.12,24.41,0,0.24,5.5900,8.6800,7.2600,4.6200
$500 NBA Daily 8/13,2020-08-13T23:05:45.921505,estk_704bf44927134484e7c2f9e4f390b941,evt_704bf44927134484,Tony Bradley,NBA,16.59,21.86,9.25,0.24,4.5200,5.0400,6.4500,3.4000
$500 NBA Daily 8/13,2020-08-13T23:05:45.921530,estk_704bf44927134484574634846501d886,evt_704bf44927134484,Royce O'Neale,NBA,16.49,19.28,6.75,0.24,3.8200,5.0300,5.4300,2.9200
$500 NBA Daily 8/13,2020-08-13T23:05:45.921537,estk_704bf4492713448447fcee6df283df96,evt_704bf44927134484,Joe Ingles,NBA,18.11,20.51,6.75,0.24,3.7400,4.0400,5.4100,2.8000
$500 NBA Daily 8/13,2020-08-13T23:05:45.921544,estk_704bf44927134484b739004a5d0b4c8a,evt_704bf44927134484,Georges Niang,NBA,14.69,19.41,8.25,0.24,3.2200,2.9700,4.5400,1.3100
$500 NBA Daily 8/13,2020-08-13T23:05:45.921548,estk_704bf449271344841fa4838d30549dd8,evt_704bf44927134484,Derrick White,NBA,22.05,16.76,0,0.24,3.2100,4.8300,4.9500,2.3400
$500 NBA Daily 8/13,2020-08-13T23:05:45.921563,estk_704bf449271344842ed463b920700b5c,evt_704bf44927134484,Rudy Gay,NBA,19.76,15.02,0,0.24,2.7900,5.9300,4.4400,1.6600
$500 NBA Daily 8/13,2020-08-13T23:05:45.921567,estk_704bf44927134484b1f75a880e970eed,evt_704bf44927134484,Jordan Clarkson,NBA,20.82,21.82,6,0.24,2.7600,4.4700,4.5800,1.8700
$500 NBA Daily 8/13,2020-08-13T23:05:45.921571,estk_704bf449271344841b8140bc473f9c23,evt_704bf44927134484,Drew Eubanks,NBA,17.13,15.27,2.25,0.24,2.6000,4.8200,4.2200,1.5900
$500 NBA Daily 8/13,2020-08-13T23:05:45.921578,estk_704bf449271344842c3266def21aaa4b,evt_704bf44927134484,Mike Conley,NBA,0,0,0,0.24,1.0000,2.5200,2.5200,
$500 NBA Daily 8/13,2020-08-13T23:05:45.921586,estk_704bf449271344842d5eb9139e57478c,evt_704bf44927134484,Rudy Gobert,NBA,0,0,0,0.24,1.0000,2.5200,2.5200,
$500 NBA Daily 8/13,2020-08-13T23:05:45.921593,estk_704bf449271344840bf89af99c16eece,evt_704bf44927134484,Bryn Forbes,NBA,0,0,0,0.24,1.0000,2.5200,2.5200,
$500 NBA Daily 8/13,2020-08-13T23:05:45.921604,estk_704bf449271344843492ddf6c0c1365d,evt_704bf44927134484,Patty Mills,NBA,0,0,0,0.24,1.0000,2.5200,2.5200,
$500 NBA Daily 8/13,2020-08-13T23:06:47.152831,estk_704bf4492713448466ecfa0bb24ccc58,evt_704bf44927134484,Donovan Mitchell,NBA,25.95,38.46,19,0.25,12.3400,6.0000,14.3900,11.1400
$500 NBA Daily 8/13,2020-08-13T23:06:47.152857,estk_704bf449271344849ff8269f39a3a9ef,evt_704bf44927134484,Dejounte Murray,NBA,27.32,31.24,10.75,0.25,8.3600,6.7200,10.0300,7.4000
$500 NBA Daily 8/13,2020-08-13T23:06:47.152862,estk_704bf449271344846f4d2e8b1bb4befa,evt_704bf44927134484,Jakob Poeltl,NBA,23.45,28.59,11,0.25,7.1400,5.3200,8.7800,5.9200
$500 NBA Daily 8/13,2020-08-13T23:06:47.152883,estk_704bf44927134484d990c82c4ca85db2,evt_704bf44927134484,DeMar DeRozan,NBA,32.12,24.09,0,0.25,5.2700,8.6800,6.8800,4.1600
$500 NBA Daily 8/13,2020-08-13T23:06:47.152898,estk_704bf44927134484b1f75a880e970eed,evt_704bf44927134484,Jordan Clarkson,NBA,20.82,27.62,12,0.25,4.4200,4.4700,6.0100,2.8300
$500 NBA Daily 8/13,2020-08-13T23:06:47.152902,estk_704bf44927134484e7c2f9e4f390b941,evt_704bf44927134484,Tony Bradley,NBA,16.59,21.69,9.25,0.25,4.4200,5.0400,6.4500,3.4000
$500 NBA Daily 8/13,2020-08-13T23:06:47.152914,estk_704bf4492713448447fcee6df283df96,evt_704bf44927134484,Joe Ingles,NBA,18.11,20.33,6.75,0.25,3.9800,4.0400,5.4100,2.8000
$500 NBA Daily 8/13,2020-08-13T23:06:47.152928,estk_704bf44927134484b739004a5d0b4c8a,evt_704bf44927134484,Georges Niang,NBA,14.69,19.27,8.25,0.25,3.6900,2.9700,5.2600,2.8300
$500 NBA Daily 8/13,2020-08-13T23:06:47.152932,estk_704bf44927134484574634846501d886,evt_704bf44927134484,Royce O'Neale,NBA,16.49,19.12,6.75,0.25,3.6400,5.0300,5.4300,2.7600
$500 NBA Daily 8/13,2020-08-13T23:06:47.152946,estk_704bf449271344841fa4838d30549dd8,evt_704bf44927134484,Derrick White,NBA,22.05,16.54,0,0.25,3.0300,4.8300,4.9500,2.1400
$500 NBA Daily 8/13,2020-08-13T23:06:47.152953,estk_704bf449271344841b8140bc473f9c23,evt_704bf44927134484,Drew Eubanks,NBA,17.13,15.1,2.25,0.25,2.7000,4.8200,4.2200,1.5900
$500 NBA Daily 8/13,2020-08-13T23:06:47.152957,estk_704bf449271344842ed463b920700b5c,evt_704bf44927134484,Rudy Gay,NBA,19.76,14.82,0,0.25,2.6300,5.9300,4.4400,1.6600
$500 NBA Daily 8/13,2020-08-13T23:06:47.152965,estk_704bf449271344842c3266def21aaa4b,evt_704bf44927134484,Mike Conley,NBA,0,0,0,0.25,1.0000,2.5200,2.5200,
$500 NBA Daily 8/13,2020-08-13T23:06:47.152972,estk_704bf449271344842d5eb9139e57478c,evt_704bf44927134484,Rudy Gobert,NBA,0,0,0,0.25,1.0000,2.5200,2.5200,
$500 NBA Daily 8/13,2020-08-13T23:06:47.152980,estk_704bf449271344840bf89af99c16eece,evt_704bf44927134484,Bryn Forbes,NBA,0,0,0,0.25,1.0000,2.5200,2.5200,
$500 NBA Daily 8/13,2020-08-13T23:06:47.152990,estk_704bf449271344843492ddf6c0c1365d,evt_704bf44927134484,Patty Mills,NBA,0,0,0,0.25,1.0000,2.5200,2.5200,
$500 NBA Daily 8/13,2020-08-13T23:10:51.741695,estk_704bf4492713448466ecfa0bb24ccc58,evt_704bf44927134484,Donovan Mitchell,NBA,25.95,38.2,19,0.26,12.1800,6.0000,13.8800,10.8900
$500 NBA Daily 8/13,2020-08-13T23:10:51.741722,estk_704bf449271344849ff8269f39a3a9ef,evt_704bf44927134484,Dejounte Murray,NBA,27.32,30.97,10.75,0.26,8.1100,6.7200,9.7800,7.0700
$500 NBA Daily 8/13,2020-08-13T23:10:51.741726,estk_704bf449271344846f4d2e8b1bb4befa,evt_704bf44927134484,Jakob Poeltl,NBA,23.45,28.35,11,0.26,6.8800,5.3200,8.5800,5.9200
$500 NBA Daily 8/13,2020-08-13T23:10:51.741730,estk_704bf44927134484b1f75a880e970eed,evt_704bf44927134484,Jordan Clarkson,NBA,20.82,27.41,12,0.26,6.4700,4.4700,8.0900,4.8900
$500 NBA Daily 8/13,2020-08-13T23:10:51.741753,estk_704bf44927134484d990c82c4ca85db2,evt_704bf44927134484,DeMar DeRozan,NBA,32.12,23.77,0,0.26,5.1200,8.6800,6.6800,4.1600
$500 NBA Daily 8/13,2020-08-13T23:10:51.741768,estk_704bf44927134484e7c2f9e4f390b941,evt_704bf44927134484,Tony Bradley,NBA,16.59,21.53,9.25,0.26,4.3300,5.0400,5.9100,3.4000
$500 NBA Daily 8/13,2020-08-13T23:10:51.741786,estk_704bf4492713448447fcee6df283df96,evt_704bf44927134484,Joe Ingles,NBA,18.11,20.15,6.75,0.26,3.8700,4.0400,5.4100,2.8000
$500 NBA Daily 8/13,2020-08-13T23:10:51.741793,estk_704bf44927134484574634846501d886,evt_704bf44927134484,Royce O'Neale,NBA,16.49,18.95,6.75,0.26,3.5600,5.0300,5.4300,2.6400
$500 NBA Daily 8/13,2020-08-13T23:10:51.741797,estk_704bf44927134484b739004a5d0b4c8a,evt_704bf44927134484,Georges Niang,NBA,14.69,19.87,9,0.26,3.4700,2.9700,5.1800,2.1200
$500 NBA Daily 8/13,2020-08-13T23:10:51.741812,estk_704bf449271344841fa4838d30549dd8,evt_704bf44927134484,Derrick White,NBA,22.05,16.32,0,0.26,2.9700,4.8300,4.4700,2.0100
$500 NBA Daily 8/13,2020-08-13T23:10:51.741819,estk_704bf449271344841b8140bc473f9c23,evt_704bf44927134484,Drew Eubanks,NBA,17.13,16.93,4.25,0.26,2.6200,4.8200,4.2200,1.5900
$500 NBA Daily 8/13,2020-08-13T23:10:51.741823,estk_704bf449271344842ed463b920700b5c,evt_704bf44927134484,Rudy Gay,NBA,19.76,14.62,0,0.26,2.5700,5.9300,4.1500,1.6600
$500 NBA Daily 8/13,2020-08-13T23:10:51.741830,estk_704bf449271344842c3266def21aaa4b,evt_704bf44927134484,Mike Conley,NBA,0,0,0,0.26,1.0000,2.5200,2.5200,
$500 NBA Daily 8/13,2020-08-13T23:10:51.741838,estk_704bf449271344842d5eb9139e57478c,evt_704bf44927134484,Rudy Gobert,NBA,0,0,0,0.26,1.0000,2.5200,2.5200,
$500 NBA Daily 8/13,2020-08-13T23:10:51.741846,estk_704bf449271344840bf89af99c16eece,evt_704bf44927134484,Bryn Forbes,NBA,0,0,0,0.26,1.0000,2.5200,2.5200,
$500 NBA Daily 8/13,2020-08-13T23:10:51.741857,estk_704bf449271344843492ddf6c0c1365d,evt_704bf44927134484,Patty Mills,NBA,0,0,0,0.26,1.0000,2.5200,2.5200,
$500 NBA Daily 8/13,2020-08-13T23:11:52.856986,estk_704bf4492713448466ecfa0bb24ccc58,evt_704bf44927134484,Donovan Mitchell,NBA,25.95,37.94,19,0.27,12.0100,6.0000,13.8800,10.8900
$500 NBA Daily 8/13,2020-08-13T23:11:52.857013,estk_704bf449271344849ff8269f39a3a9ef,evt_704bf44927134484,Dejounte Murray,NBA,27.32,30.19,10.25,0.27,8.0000,6.7200,9.7800,7.0700
$500 NBA Daily 8/13,2020-08-13T23:11:52.857017,estk_704bf449271344846f4d2e8b1bb4befa,evt_704bf44927134484,Jakob Poeltl,NBA,23.45,28.12,11,0.27,6.8500,5.3200,8.5800,5.9200
$500 NBA Daily 8/13,2020-08-13T23:11:52.857025,estk_704bf44927134484b1f75a880e970eed,evt_704bf44927134484,Jordan Clarkson,NBA,20.82,26.7,11.5,0.27,6.4300,4.4700,8.0900,4.8900
$500 NBA Daily 8/13,2020-08-13T23:11:52.857048,estk_704bf44927134484d990c82c4ca85db2,evt_704bf44927134484,DeMar DeRozan,NBA,32.12,23.45,0,0.27,4.9800,8.6800,6.6800,3.6600
$500 NBA Daily 8/13,2020-08-13T23:11:52.857059,estk_704bf44927134484e7c2f9e4f390b941,evt_704bf44927134484,Tony Bradley,NBA,16.59,21.36,9.25,0.27,4.2600,5.0400,5.9100,3.4000
$500 NBA Daily 8/13,2020-08-13T23:11:52.857081,estk_704bf4492713448447fcee6df283df96,evt_704bf44927134484,Joe Ingles,NBA,18.11,19.97,6.75,0.27,3.8000,4.0400,5.4100,2.8000
$500 NBA Daily 8/13,2020-08-13T23:11:52.857085,estk_704bf44927134484b739004a5d0b4c8a,evt_704bf44927134484,Georges Niang,NBA,14.69,18.47,7.75,0.27,3.7500,2.9700,5.1800,2.1200
$500 NBA Daily 8/13,2020-08-13T23:11:52.857088,estk_704bf44927134484574634846501d886,evt_704bf44927134484,Royce O'Neale,NBA,16.49,18.79,6.75,0.27,3.4900,5.0300,5.4300,2.6400
$500 NBA Daily 8/13,2020-08-13T23:11:52.857103,estk_704bf449271344841b8140bc473f9c23,evt_704bf44927134484,Drew Eubanks,NBA,17.13,16.75,4.25,0.27,3.0000,4.8200,4.2200,1.5900
$500 NBA Daily 8/13,2020-08-13T23:11:52.857110,estk_704bf449271344841fa4838d30549dd8,evt_704bf44927134484,Derrick White,NBA,22.05,16.1,0,0.27,2.8700,4.8300,4.4300,2.0100
$500 NBA Daily 8/13,2020-08-13T23:11:52.857114,estk_704bf449271344842ed463b920700b5c,evt_704bf44927134484,Rudy Gay,NBA,19.76,14.42,0,0.27,2.5100,5.9300,4.1500,1.6600
$500 NBA Daily 8/13,2020-08-13T23:11:52.857121,estk_704bf449271344842c3266def21aaa4b,evt_704bf44927134484,Mike Conley,NBA,0,0,0,0.27,1.0000,2.5200,2.5200,
$500 NBA Daily 8/13,2020-08-13T23:11:52.857129,estk_704bf449271344842d5eb9139e57478c,evt_704bf44927134484,Rudy Gobert,NBA,0,0,0,0.27,1.0000,2.5200,2.5200,
$500 NBA Daily 8/13,2020-08-13T23:11:52.857136,estk_704bf449271344840bf89af99c16eece,evt_704bf44927134484,Bryn Forbes,NBA,0,0,0,0.27,1.0000,2.5200,2.5200,
$500 NBA Daily 8/13,2020-08-13T23:11:52.857147,estk_704bf449271344843492ddf6c0c1365d,evt_704bf44927134484,Patty Mills,NBA,0,0,0,0.27,1.0000,2.5200,2.5200,
$500 NBA Daily 8/13,2020-08-13T23:12:53.945556,estk_704bf4492713448466ecfa0bb24ccc58,evt_704bf44927134484,Donovan Mitchell,NBA,25.95,37.42,19,0.29,11.8300,6.0000,13.8800,10.5900
$500 NBA Daily 8/13,2020-08-13T23:12:53.945581,estk_704bf449271344849ff8269f39a3a9ef,evt_704bf44927134484,Dejounte Murray,NBA,27.32,29.65,10.25,0.29,7.7500,6.7200,9.7800,6.6900
$500 NBA Daily 8/13,2020-08-13T23:12:53.945586,estk_704bf449271344846f4d2e8b1bb4befa,evt_704bf44927134484,Jakob Poeltl,NBA,23.45,27.65,11,0.29,6.7700,5.3200,8.4100,5.8300
$500 NBA Daily 8/13,2020-08-13T23:12:53.945597,estk_704bf44927134484b1f75a880e970eed,evt_704bf44927134484,Jordan Clarkson,NBA,20.82,25.78,11,0.29,6.1500,4.4700,8.0900,4.8900
$500 NBA Daily 8/13,2020-08-13T23:12:53.945616,estk_704bf44927134484d990c82c4ca85db2,evt_704bf44927134484,DeMar DeRozan,NBA,32.12,22.81,0,0.29,4.9200,8.6800,6.6800,3.6600
$500 NBA Daily 8/13,2020-08-13T23:12:53.945630,estk_704bf44927134484e7c2f9e4f390b941,evt_704bf44927134484,Tony Bradley,NBA,16.59,21.03,9.25,0.29,4.2200,5.0400,5.9100,3.2800
$500 NBA Daily 8/13,2020-08-13T23:12:53.945648,estk_704bf4492713448447fcee6df283df96,evt_704bf44927134484,Joe Ingles,NBA,18.11,19.11,6.25,0.29,3.7900,4.0400,5.4100,2.8000
$500 NBA Daily 8/13,2020-08-13T23:12:53.945652,estk_704bf44927134484574634846501d886,evt_704bf44927134484,Royce O'Neale,NBA,16.49,18.46,6.75,0.29,3.4900,5.0300,5.4300,2.6400
$500 NBA Daily 8/13,2020-08-13T23:12:53.945655,estk_704bf44927134484b739004a5d0b4c8a,evt_704bf44927134484,Georges Niang,NBA,14.69,18.18,7.75,0.29,3.4200,2.9700,5.1800,2.1200
$500 NBA Daily 8/13,2020-08-13T23:12:53.945671,estk_704bf449271344841b8140bc473f9c23,evt_704bf44927134484,Drew Eubanks,NBA,17.13,19.91,7.75,0.29,2.9900,4.8200,4.2200,1.5900
$500 NBA Daily 8/13,2020-08-13T23:12:53.945678,estk_704bf449271344841fa4838d30549dd8,evt_704bf44927134484,Derrick White,NBA,22.05,15.66,0,0.29,2.8400,4.8300,4.4000,2.0100
$500 NBA Daily 8/13,2020-08-13T23:12:53.945682,estk_704bf449271344842ed463b920700b5c,evt_704bf44927134484,Rudy Gay,NBA,19.76,14.03,0,0.29,2.5200,5.9300,4.1500,1.6600
$500 NBA Daily 8/13,2020-08-13T23:12:53.945689,estk_704bf449271344842c3266def21aaa4b,evt_704bf44927134484,Mike Conley,NBA,0,0,0,0.29,1.0000,2.5200,2.5200,
$500 NBA Daily 8/13,2020-08-13T23:12:53.945697,estk_704bf449271344842d5eb9139e57478c,evt_704bf44927134484,Rudy Gobert,NBA,0,0,0,0.29,1.0000,2.5200,2.5200,
$500 NBA Daily 8/13,2020-08-13T23:12:53.945704,estk_704bf449271344840bf89af99c16eece,evt_704bf44927134484,Bryn Forbes,NBA,0,0,0,0.29,1.0000,2.5200,2.5200,
$500 NBA Daily 8/13,2020-08-13T23:12:53.945714,estk_704bf449271344843492ddf6c0c1365d,evt_704bf44927134484,Patty Mills,NBA,0,0,0,0.29,1.0000,2.5200,2.5200,
$500 NBA Daily 8/13,2020-08-13T23:13:55.103545,estk_704bf4492713448466ecfa0bb24ccc58,evt_704bf44927134484,Donovan Mitchell,NBA,25.95,37.16,19,0.3,11.7600,6.0000,13.8800,10.5900
$500 NBA Daily 8/13,2020-08-13T23:13:55.103565,estk_704bf449271344849ff8269f39a3a9ef,evt_704bf44927134484,Dejounte Murray,NBA,27.32,28.87,9.75,0.3,7.5000,6.7200,9.1500,6.4600
$500 NBA Daily 8/13,2020-08-13T23:13:55.103570,estk_704bf449271344846f4d2e8b1bb4befa,evt_704bf44927134484,Jakob Poeltl,NBA,23.45,27.41,11,0.3,6.5800,5.3200,8.2100,5.5000
$500 NBA Daily 8/13,2020-08-13T23:13:55.103588,estk_704bf44927134484b1f75a880e970eed,evt_704bf44927134484,Jordan Clarkson,NBA,20.82,27.07,12.5,0.3,5.8200,4.4700,7.4400,4.8900
$500 NBA Daily 8/13,2020-08-13T23:13:55.103600,estk_704bf44927134484d990c82c4ca85db2,evt_704bf44927134484,DeMar DeRozan,NBA,32.12,22.48,0,0.3,4.6900,8.6800,6.2800,3.6600
$500 NBA Daily 8/13,2020-08-13T23:13:55.103615,estk_704bf44927134484e7c2f9e4f390b941,evt_704bf44927134484,Tony Bradley,NBA,16.59,20.86,9.25,0.3,4.1300,5.0400,5.9100,3.2800
$500 NBA Daily 8/13,2020-08-13T23:13:55.103633,estk_704bf449271344841b8140bc473f9c23,evt_704bf44927134484,Drew Eubanks,NBA,17.13,19.74,7.75,0.3,3.7800,4.8200,5.3600,1.5900
$500 NBA Daily 8/13,2020-08-13T23:13:55.103637,estk_704bf4492713448447fcee6df283df96,evt_704bf44927134484,Joe Ingles,NBA,18.11,22.43,9.75,0.3,3.5400,4.0400,5.1100,2.6100
$500 NBA Daily 8/13,2020-08-13T23:13:55.103644,estk_704bf44927134484574634846501d886,evt_704bf44927134484,Royce O'Neale,NBA,16.49,18.29,6.75,0.3,3.3300,5.0300,4.9000,2.5000
$500 NBA Daily 8/13,2020-08-13T23:13:55.103648,estk_704bf44927134484b739004a5d0b4c8a,evt_704bf44927134484,Georges Niang,NBA,14.69,18.03,7.75,0.3,3.2900,2.9700,5.1800,2.1200
$500 NBA Daily 8/13,2020-08-13T23:13:55.103662,estk_704bf449271344841fa4838d30549dd8,evt_704bf44927134484,Derrick White,NBA,22.05,15.43,0,0.3,2.7400,4.8300,4.4000,1.9300
$500 NBA Daily 8/13,2020-08-13T23:13:55.103669,estk_704bf449271344842ed463b920700b5c,evt_704bf44927134484,Rudy Gay,NBA,19.76,13.83,0,0.3,2.4100,5.9300,3.9600,1.5500
$500 NBA Daily 8/13,2020-08-13T23:13:55.103674,estk_704bf449271344842c3266def21aaa4b,evt_704bf44927134484,Mike Conley,NBA,0,0,0,0.3,1.0000,2.5200,2.5200,
$500 NBA Daily 8/13,2020-08-13T23:13:55.103681,estk_704bf449271344842d5eb9139e57478c,evt_704bf44927134484,Rudy Gobert,NBA,0,0,0,0.3,1.0000,2.5200,2.5200,
$500 NBA Daily 8/13,2020-08-13T23:13:55.103689,estk_704bf449271344840bf89af99c16eece,evt_704bf44927134484,Bryn Forbes,NBA,0,0,0,0.3,1.0000,2.5200,2.5200,
$500 NBA Daily 8/13,2020-08-13T23:13:55.103699,estk_704bf449271344843492ddf6c0c1365d,evt_704bf44927134484,Patty Mills,NBA,0,0,0,0.3,1.0000,2.5200,2.5200,
$500 NBA Daily 8/13,2020-08-13T23:15:57.473192,estk_704bf4492713448466ecfa0bb24ccc58,evt_704bf44927134484,Donovan Mitchell,NBA,25.95,36.15,18.5,0.32,11.5700,6.0000,13.3600,10.4000
$500 NBA Daily 8/13,2020-08-13T23:15:57.473212,estk_704bf449271344849ff8269f39a3a9ef,evt_704bf44927134484,Dejounte Murray,NBA,27.32,28.33,9.75,0.32,7.1200,6.7200,8.7500,6.1000
$500 NBA Daily 8/13,2020-08-13T23:15:57.473219,estk_704bf449271344846f4d2e8b1bb4befa,evt_704bf44927134484,Jakob Poeltl,NBA,23.45,26.95,11,0.32,6.4700,5.3200,8.2100,5.5000
$500 NBA Daily 8/13,2020-08-13T23:15:57.473227,estk_704bf44927134484b1f75a880e970eed,evt_704bf44927134484,Jordan Clarkson,NBA,20.82,26.16,12,0.32,6.3100,4.4700,7.4400,4.8900
$500 NBA Daily 8/13,2020-08-13T23:15:57.473249,estk_704bf44927134484d990c82c4ca85db2,evt_704bf44927134484,DeMar DeRozan,NBA,32.12,21.84,0,0.32,4.5400,8.6800,6.1400,3.6600
$500 NBA Daily 8/13,2020-08-13T23:15:57.473252,estk_704bf4492713448447fcee6df283df96,evt_704bf44927134484,Joe Ingles,NBA,18.11,22.06,9.75,0.32,4.5400,4.0400,6.1200,2.6100
$500 NBA Daily 8/13,2020-08-13T23:15:57.473268,estk_704bf44927134484e7c2f9e4f390b941,evt_704bf44927134484,Tony Bradley,NBA,16.59,20.53,9.25,0.32,4.0600,5.0400,5.9100,3.1700
$500 NBA Daily 8/13,2020-08-13T23:15:57.473282,estk_704bf449271344841b8140bc473f9c23,evt_704bf44927134484,Drew Eubanks,NBA,17.13,19.4,7.75,0.32,3.6900,4.8200,5.2600,2.1200
$500 NBA Daily 8/13,2020-08-13T23:15:57.473289,estk_704bf44927134484574634846501d886,evt_704bf44927134484,Royce O'Neale,NBA,16.49,17.96,6.75,0.32,3.3100,5.0300,4.8800,2.0700
$500 NBA Daily 8/13,2020-08-13T23:15:57.473293,estk_704bf44927134484b739004a5d0b4c8a,evt_704bf44927134484,Georges Niang,NBA,14.69,17.74,7.75,0.32,3.2600,2.9700,5.1800,2.1200
$500 NBA Daily 8/13,2020-08-13T23:15:57.473308,estk_704bf449271344841fa4838d30549dd8,evt_704bf44927134484,Derrick White,NBA,22.05,14.99,0,0.32,2.6700,4.8300,4.4000,1.8200
$500 NBA Daily 8/13,2020-08-13T23:15:57.473315,estk_704bf449271344842ed463b920700b5c,evt_704bf44927134484,Rudy Gay,NBA,19.76,13.44,0,0.32,2.3600,5.9300,3.9300,1.5500
$500 NBA Daily 8/13,2020-08-13T23:15:57.473318,estk_704bf449271344842c3266def21aaa4b,evt_704bf44927134484,Mike Conley,NBA,0,0,0,0.32,1.0000,2.5200,2.5200,
$500 NBA Daily 8/13,2020-08-13T23:15:57.473325,estk_704bf449271344842d5eb9139e57478c,evt_704bf44927134484,Rudy Gobert,NBA,0,0,0,0.32,1.0000,2.5200,2.5200,
$500 NBA Daily 8/13,2020-08-13T23:15:57.473333,estk_704bf449271344840bf89af99c16eece,evt_704bf44927134484,Bryn Forbes,NBA,0,0,0,0.32,1.0000,2.5200,2.5200,
$500 NBA Daily 8/13,2020-08-13T23:15:57.473344,estk_704bf449271344843492ddf6c0c1365d,evt_704bf44927134484,Patty Mills,NBA,0,0,0,0.32,1.0000,2.5200,2.5200,
$500 NBA Daily 8/13,2020-08-13T23:16:58.543109,estk_704bf4492713448466ecfa0bb24ccc58,evt_704bf44927134484,Donovan Mitchell,NBA,25.95,35.89,18.5,0.33,11.1100,6.0000,12.8300,10.0200
$500 NBA Daily 8/13,2020-08-13T23:16:58.543129,estk_704bf449271344849ff8269f39a3a9ef,evt_704bf44927134484,Dejounte Murray,NBA,27.32,28.05,9.75,0.33,6.9700,6.7200,8.6100,5.8500
$500 NBA Daily 8/13,2020-08-13T23:16:58.543141,estk_704bf449271344846f4d2e8b1bb4befa,evt_704bf44927134484,Jakob Poeltl,NBA,23.45,26.71,11,0.33,6.3200,5.3200,8.2100,5.3000
$500 NBA Daily 8/13,2020-08-13T23:16:58.543148,estk_704bf44927134484b1f75a880e970eed,evt_704bf44927134484,Jordan Clarkson,NBA,20.82,25.95,12,0.33,6.0100,4.4700,7.4400,4.8900
$500 NBA Daily 8/13,2020-08-13T23:16:58.543174,estk_704bf4492713448447fcee6df283df96,evt_704bf44927134484,Joe Ingles,NBA,18.11,21.88,9.75,0.33,4.4300,4.0400,6.1200,2.6100
$500 NBA Daily 8/13,2020-08-13T23:16:58.543178,estk_704bf44927134484d990c82c4ca85db2,evt_704bf44927134484,DeMar DeRozan,NBA,32.12,21.52,0,0.33,4.3800,8.6800,6.1400,3.5300
$500 NBA Daily 8/13,2020-08-13T23:16:58.543193,estk_704bf44927134484e7c2f9e4f390b941,evt_704bf44927134484,Tony Bradley,NBA,16.59,20.37,9.25,0.33,3.9500,5.0400,5.9100,2.8900
$500 NBA Daily 8/13,2020-08-13T23:16:58.543201,estk_704bf449271344841b8140bc473f9c23,evt_704bf44927134484,Drew Eubanks,NBA,17.13,19.23,7.75,0.33,3.6100,4.8200,5.2600,2.1200
$500 NBA Daily 8/13,2020-08-13T23:16:58.543208,estk_704bf44927134484574634846501d886,evt_704bf44927134484,Royce O'Neale,NBA,16.49,17.8,6.75,0.33,3.2500,5.0300,4.8800,2.0700
$500 NBA Daily 8/13,2020-08-13T23:16:58.543217,estk_704bf44927134484b739004a5d0b4c8a,evt_704bf44927134484,Georges Niang,NBA,14.69,17.59,7.75,0.33,3.2000,2.9700,5.1800,2.1200
$500 NBA Daily 8/13,2020-08-13T23:16:58.543232,estk_704bf449271344841fa4838d30549dd8,evt_704bf44927134484,Derrick White,NBA,22.05,14.77,0,0.33,2.5700,4.8300,4.4000,1.7100
$500 NBA Daily 8/13,2020-08-13T23:16:58.543239,estk_704bf449271344842ed463b920700b5c,evt_704bf44927134484,Rudy Gay,NBA,19.76,13.24,0,0.33,2.2800,5.9300,3.9300,1.3200
$500 NBA Daily 8/13,2020-08-13T23:16:58.543243,estk_704bf449271344842c3266def21aaa4b,evt_704bf44927134484,Mike Conley,NBA,0,0,0,0.33,1.0000,2.5200,2.5200,
$500 NBA Daily 8/13,2020-08-13T23:16:58.543251,estk_704bf449271344842d5eb9139e57478c,evt_704bf44927134484,Rudy Gobert,NBA,0,0,0,0.33,1.0000,2.5200,2.5200,
$500 NBA Daily 8/13,2020-08-13T23:16:58.543258,estk_704bf449271344840bf89af99c16eece,evt_704bf44927134484,Bryn Forbes,NBA,0,0,0,0.33,1.0000,2.5200,2.5200,
$500 NBA Daily 8/13,2020-08-13T23:16:58.543269,estk_704bf449271344843492ddf6c0c1365d,evt_704bf44927134484,Patty Mills,NBA,0,0,0,0.33,1.0000,2.5200,2.5200,
$500 NBA Daily 8/13,2020-08-13T23:19:00.700991,estk_704bf4492713448466ecfa0bb24ccc58,evt_704bf44927134484,Donovan Mitchell,NBA,25.95,35.37,18.5,0.35,10.9100,6.0000,12.6800,9.3900
$500 NBA Daily 8/13,2020-08-13T23:19:00.701011,estk_704bf449271344849ff8269f39a3a9ef,evt_704bf44927134484,Dejounte Murray,NBA,27.32,27.51,9.75,0.35,6.8400,6.7200,8.4700,5.8500
$500 NBA Daily 8/13,2020-08-13T23:19:00.701023,estk_704bf449271344846f4d2e8b1bb4befa,evt_704bf44927134484,Jakob Poeltl,NBA,23.45,26.24,11,0.35,6.2400,5.3200,7.8300,5.3000
$500 NBA Daily 8/13,2020-08-13T23:19:00.701034,estk_704bf44927134484b1f75a880e970eed,evt_704bf44927134484,Jordan Clarkson,NBA,20.82,25.53,12,0.35,5.9200,4.4700,7.4400,4.8900
$500 NBA Daily 8/13,2020-08-13T23:19:00.701057,estk_704bf4492713448447fcee6df283df96,evt_704bf44927134484,Joe Ingles,NBA,18.11,21.52,9.75,0.35,4.3700,4.0400,6.1200,2.6100
$500 NBA Daily 8/13,2020-08-13T23:19:00.701061,estk_704bf44927134484d990c82c4ca85db2,evt_704bf44927134484,DeMar DeRozan,NBA,32.12,20.88,0,0.35,4.2300,8.6800,6.1400,3.3200
$500 NBA Daily 8/13,2020-08-13T23:19:00.701079,estk_704bf44927134484e7c2f9e4f390b941,evt_704bf44927134484,Tony Bradley,NBA,16.59,20.78,10,0.35,3.9200,5.0400,5.4900,2.8900
$500 NBA Daily 8/13,2020-08-13T23:19:00.701083,estk_704bf449271344841b8140bc473f9c23,evt_704bf44927134484,Drew Eubanks,NBA,17.13,20.38,9.25,0.35,3.5900,4.8200,5.2600,2.1200
$500 NBA Daily 8/13,2020-08-13T23:19:00.701090,estk_704bf44927134484574634846501d886,evt_704bf44927134484,Royce O'Neale,NBA,16.49,16.47,5.75,0.35,3.2000,5.0300,4.8800,2.0700
$500 NBA Daily 8/13,2020-08-13T23:19:00.701102,estk_704bf44927134484b739004a5d0b4c8a,evt_704bf44927134484,Georges Niang,NBA,14.69,17.3,7.75,0.35,3.1400,2.9700,4.7000,2.1200
$500 NBA Daily 8/13,2020-08-13T23:19:00.701109,estk_704bf449271344841fa4838d30549dd8,evt_704bf44927134484,Derrick White,NBA,22.05,14.33,0,0.35,2.5100,4.8300,4.4000,1.4700
$500 NBA Daily 8/13,2020-08-13T23:19:00.701116,estk_704bf449271344842ed463b920700b5c,evt_704bf44927134484,Rudy Gay,NBA,19.76,12.84,0,0.35,2.2300,5.9300,3.9300,1.3200
$500 NBA Daily 8/13,2020-08-13T23:19:00.701120,estk_704bf449271344842c3266def21aaa4b,evt_704bf44927134484,Mike Conley,NBA,0,0,0,0.35,1.0000,2.5200,2.5200,
$500 NBA Daily 8/13,2020-08-13T23:19:00.701127,estk_704bf449271344842d5eb9139e57478c,evt_704bf44927134484,Rudy Gobert,NBA,0,0,0,0.35,1.0000,2.5200,2.5200,
$500 NBA Daily 8/13,2020-08-13T23:19:00.701135,estk_704bf449271344840bf89af99c16eece,evt_704bf44927134484,Bryn Forbes,NBA,0,0,0,0.35,1.0000,2.5200,2.5200,
$500 NBA Daily 8/13,2020-08-13T23:19:00.701146,estk_704bf449271344843492ddf6c0c1365d,evt_704bf44927134484,Patty Mills,NBA,0,0,0,0.35,1.0000,2.5200,2.5200,
$500 NBA Daily 8/13,2020-08-13T23:20:02.033541,estk_704bf4492713448466ecfa0bb24ccc58,evt_704bf44927134484,Donovan Mitchell,NBA,25.95,36.1,19.75,0.37,10.8500,6.0000,12.6800,9.3900
$500 NBA Daily 8/13,2020-08-13T23:20:02.033569,estk_704bf449271344849ff8269f39a3a9ef,evt_704bf44927134484,Dejounte Murray,NBA,27.32,26.96,9.75,0.37,6.5800,6.7200,8.2100,5.4700
$500 NBA Daily 8/13,2020-08-13T23:20:02.033577,estk_704bf449271344846f4d2e8b1bb4befa,evt_704bf44927134484,Jakob Poeltl,NBA,23.45,25.77,11,0.37,6.0800,5.3200,7.7000,4.9500
$500 NBA Daily 8/13,2020-08-13T23:20:02.033589,estk_704bf44927134484b1f75a880e970eed,evt_704bf44927134484,Jordan Clarkson,NBA,20.82,25.12,12,0.37,5.7300,4.4700,7.3400,4.6400
$500 NBA Daily 8/13,2020-08-13T23:20:02.033608,estk_704bf4492713448447fcee6df283df96,evt_704bf44927134484,Joe Ingles,NBA,18.11,21.16,9.75,0.37,4.2800,4.0400,6.1200,2.6900
$500 NBA Daily 8/13,2020-08-13T23:20:02.033620,estk_704bf44927134484d990c82c4ca85db2,evt_704bf44927134484,DeMar DeRozan,NBA,32.12,20.24,0,0.37,4.1100,8.6800,5.6900,3.1000
$500 NBA Daily 8/13,2020-08-13T23:20:02.033624,estk_704bf44927134484e7c2f9e4f390b941,evt_704bf44927134484,Tony Bradley,NBA,16.59,19.95,9.5,0.37,4.0300,5.0400,5.4900,2.8900
$500 NBA Daily 8/13,2020-08-13T23:20:02.033635,estk_704bf449271344841b8140bc473f9c23,evt_704bf44927134484,Drew Eubanks,NBA,17.13,19.54,8.75,0.37,3.9200,4.8200,5.2600,2.3400
$500 NBA Daily 8/13,2020-08-13T23:20:02.033653,estk_704bf44927134484b739004a5d0b4c8a,evt_704bf44927134484,Georges Niang,NBA,14.69,17,7.75,0.37,3.0900,2.9700,4.6500,2.1200
$500 NBA Daily 8/13,2020-08-13T23:20:02.033658,estk_704bf44927134484574634846501d886,evt_704bf44927134484,Royce O'Neale,NBA,16.49,17.39,7,0.37,2.8600,5.0300,4.8800,1.9500
$500 NBA Daily 8/13,2020-08-13T23:20:02.033666,estk_704bf449271344841fa4838d30549dd8,evt_704bf44927134484,Derrick White,NBA,22.05,13.89,0,0.37,2.4400,4.8300,4.4000,1.4700
$500 NBA Daily 8/13,2020-08-13T23:20:02.033670,estk_704bf449271344842ed463b920700b5c,evt_704bf44927134484,Rudy Gay,NBA,19.76,12.45,0,0.37,2.1900,5.9300,3.9300,1.3200
$500 NBA Daily 8/13,2020-08-13T23:20:02.033674,estk_704bf449271344842c3266def21aaa4b,evt_704bf44927134484,Mike Conley,NBA,0,0,0,0.37,1.0000,2.5200,2.5200,
$500 NBA Daily 8/13,2020-08-13T23:20:02.033681,estk_704bf449271344842d5eb9139e57478c,evt_704bf44927134484,Rudy Gobert,NBA,0,0,0,0.37,1.0000,2.5200,2.5200,
$500 NBA Daily 8/13,2020-08-13T23:20:02.033689,estk_704bf449271344840bf89af99c16eece,evt_704bf44927134484,Bryn Forbes,NBA,0,0,0,0.37,1.0000,2.5200,2.5200,
$500 NBA Daily 8/13,2020-08-13T23:20:02.033700,estk_704bf449271344843492ddf6c0c1365d,evt_704bf44927134484,Patty Mills,NBA,0,0,0,0.37,1.0000,2.5200,2.5200,
$500 NBA Daily 8/13,2020-08-13T23:23:36.323317,estk_704bf4492713448466ecfa0bb24ccc58,evt_704bf44927134484,Donovan Mitchell,NBA,25.95,37.09,21,0.38,11.9300,6.0000,13.6200,9.5100
$500 NBA Daily 8/13,2020-08-13T23:23:36.323345,estk_704bf449271344849ff8269f39a3a9ef,evt_704bf44927134484,Dejounte Murray,NBA,27.32,26.69,9.75,0.38,6.3400,6.7200,8.0000,4.9500
$500 NBA Daily 8/13,2020-08-13T23:23:36.323357,estk_704bf449271344846f4d2e8b1bb4befa,evt_704bf44927134484,Jakob Poeltl,NBA,23.45,25.54,11,0.38,5.8500,5.3200,7.7000,4.9500
$500 NBA Daily 8/13,2020-08-13T23:23:36.323365,estk_704bf44927134484b1f75a880e970eed,evt_704bf44927134484,Jordan Clarkson,NBA,20.82,24.41,11.5,0.38,5.5200,4.4700,7.2300,4.6400
$500 NBA Daily 8/13,2020-08-13T23:23:36.323387,estk_704bf4492713448447fcee6df283df96,evt_704bf44927134484,Joe Ingles,NBA,18.11,20.98,9.75,0.38,4.1600,4.0400,6.1200,2.6900
$500 NBA Daily 8/13,2020-08-13T23:23:36.323391,estk_704bf44927134484e7c2f9e4f390b941,evt_704bf44927134484,Tony Bradley,NBA,16.59,21.04,10.75,0.38,4.1500,5.0400,5.3400,2.8900
$500 NBA Daily 8/13,2020-08-13T23:23:36.323405,estk_704bf44927134484d990c82c4ca85db2,evt_704bf44927134484,DeMar DeRozan,NBA,32.12,19.91,0,0.38,3.8700,8.6800,5.4400,2.9600
$500 NBA Daily 8/13,2020-08-13T23:23:36.323409,estk_704bf449271344841b8140bc473f9c23,evt_704bf44927134484,Drew Eubanks,NBA,17.13,19.37,8.75,0.38,3.6300,4.8200,5.2600,2.3400
$500 NBA Daily 8/13,2020-08-13T23:23:36.323427,estk_704bf44927134484b739004a5d0b4c8a,evt_704bf44927134484,Georges Niang,NBA,14.69,16.86,7.75,0.38,3.0100,2.9700,4.6500,2.1200
$500 NBA Daily 8/13,2020-08-13T23:23:36.323430,estk_704bf44927134484574634846501d886,evt_704bf44927134484,Royce O'Neale,NBA,16.49,15.97,5.75,0.38,2.8200,5.0300,4.3600,1.9500
$500 NBA Daily 8/13,2020-08-13T23:23:36.323438,estk_704bf449271344841fa4838d30549dd8,evt_704bf44927134484,Derrick White,NBA,22.05,13.67,0,0.38,2.3500,4.8300,3.8800,1.4700
$500 NBA Daily 8/13,2020-08-13T23:23:36.323442,estk_704bf449271344842ed463b920700b5c,evt_704bf44927134484,Rudy Gay,NBA,19.76,12.25,0,0.38,2.0900,5.9300,3.6200,1.0800
$500 NBA Daily 8/13,2020-08-13T23:23:36.323446,estk_704bf449271344842c3266def21aaa4b,evt_704bf44927134484,Mike Conley,NBA,0,0,0,0.38,1.0000,2.5200,2.5200,
$500 NBA Daily 8/13,2020-08-13T23:23:36.323453,estk_704bf449271344842d5eb9139e57478c,evt_704bf44927134484,Rudy Gobert,NBA,0,0,0,0.38,1.0000,2.5200,2.5200,
$500 NBA Daily 8/13,2020-08-13T23:23:36.323460,estk_704bf449271344840bf89af99c16eece,evt_704bf44927134484,Bryn Forbes,NBA,0,0,0,0.38,1.0000,2.5200,2.5200,
$500 NBA Daily 8/13,2020-08-13T23:23:36.323471,estk_704bf449271344843492ddf6c0c1365d,evt_704bf44927134484,Patty Mills,NBA,0,0,0,0.38,1.0000,2.5200,2.5200,
$500 NBA Daily 8/13,2020-08-13T23:25:38.839366,estk_704bf4492713448466ecfa0bb24ccc58,evt_704bf44927134484,Donovan Mitchell,NBA,25.95,36.31,21,0.41,11.7900,6.0000,13.6200,9.5100
$500 NBA Daily 8/13,2020-08-13T23:25:38.839394,estk_704bf449271344849ff8269f39a3a9ef,evt_704bf44927134484,Dejounte Murray,NBA,27.32,25.87,9.75,0.41,6.3000,6.7200,7.9500,4.9500
$500 NBA Daily 8/13,2020-08-13T23:25:38.839406,estk_704bf449271344846f4d2e8b1bb4befa,evt_704bf44927134484,Jakob Poeltl,NBA,23.45,26.09,12.25,0.41,5.7600,5.3200,7.3800,4.8400
$500 NBA Daily 8/13,2020-08-13T23:25:38.839413,estk_704bf44927134484b1f75a880e970eed,evt_704bf44927134484,Jordan Clarkson,NBA,20.82,23.78,11.5,0.41,5.3300,4.4700,7.2300,4.3900
$500 NBA Daily 8/13,2020-08-13T23:25:38.839443,estk_704bf4492713448447fcee6df283df96,evt_704bf44927134484,Joe Ingles,NBA,18.11,20.43,9.75,0.41,4.1300,4.0400,6.1200,2.6900
$500 NBA Daily 8/13,2020-08-13T23:25:38.839447,estk_704bf44927134484e7c2f9e4f390b941,evt_704bf44927134484,Tony Bradley,NBA,16.59,20.54,10.75,0.41,4.1300,5.0400,5.3400,2.8900
$500 NBA Daily 8/13,2020-08-13T23:25:38.839454,estk_704bf44927134484d990c82c4ca85db2,evt_704bf44927134484,DeMar DeRozan,NBA,32.12,18.95,0,0.41,3.8300,8.6800,5.4400,2.6800
$500 NBA Daily 8/13,2020-08-13T23:25:38.839458,estk_704bf449271344841b8140bc473f9c23,evt_704bf44927134484,Drew Eubanks,NBA,17.13,18.86,8.75,0.41,3.6000,4.8200,5.2600,2.3400
$500 NBA Daily 8/13,2020-08-13T23:25:38.839476,estk_704bf44927134484b739004a5d0b4c8a,evt_704bf44927134484,Georges Niang,NBA,14.69,16.42,7.75,0.41,2.9900,2.9700,4.6500,2.1200
$500 NBA Daily 8/13,2020-08-13T23:25:38.839480,estk_704bf44927134484574634846501d886,evt_704bf44927134484,Royce O'Neale,NBA,16.49,15.48,5.75,0.41,2.7800,5.0300,4.3600,1.9500
$500 NBA Daily 8/13,2020-08-13T23:25:38.839487,estk_704bf449271344841fa4838d30549dd8,evt_704bf44927134484,Derrick White,NBA,22.05,13.01,0,0.41,2.3000,4.8300,3.8800,1.4700
$500 NBA Daily 8/13,2020-08-13T23:25:38.839492,estk_704bf449271344842ed463b920700b5c,evt_704bf44927134484,Rudy Gay,NBA,19.76,11.66,0,0.41,2.0900,5.9300,3.6200,1.0800
$500 NBA Daily 8/13,2020-08-13T23:25:38.839495,estk_704bf449271344842c3266def21aaa4b,evt_704bf44927134484,Mike Conley,NBA,0,0,0,0.41,1.0000,2.5200,2.5200,
$500 NBA Daily 8/13,2020-08-13T23:25:38.839503,estk_704bf449271344842d5eb9139e57478c,evt_704bf44927134484,Rudy Gobert,NBA,0,0,0,0.41,1.0000,2.5200,2.5200,
$500 NBA Daily 8/13,2020-08-13T23:25:38.839510,estk_704bf449271344840bf89af99c16eece,evt_704bf44927134484,Bryn Forbes,NBA,0,0,0,0.41,1.0000,2.5200,2.5200,
$500 NBA Daily 8/13,2020-08-13T23:25:38.839521,estk_704bf449271344843492ddf6c0c1365d,evt_704bf44927134484,Patty Mills,NBA,0,0,0,0.41,1.0000,2.5200,2.5200,
$500 NBA Daily 8/13,2020-08-13T23:27:41.107392,estk_704bf4492713448466ecfa0bb24ccc58,evt_704bf44927134484,Donovan Mitchell,NBA,25.95,35.79,21,0.43,11.4500,6.0000,13.1700,9.7100
$500 NBA Daily 8/13,2020-08-13T23:27:41.107427,estk_704bf449271344846f4d2e8b1bb4befa,evt_704bf44927134484,Jakob Poeltl,NBA,23.45,25.62,12.25,0.43,6.0100,5.3200,7.3800,4.8400
$500 NBA Daily 8/13,2020-08-13T23:27:41.107431,estk_704bf449271344849ff8269f39a3a9ef,evt_704bf44927134484,Dejounte Murray,NBA,27.32,25.57,10,0.43,5.9100,6.7200,7.5800,4.9500
$500 NBA Daily 8/13,2020-08-13T23:27:41.107443,estk_704bf44927134484b1f75a880e970eed,evt_704bf44927134484,Jordan Clarkson,NBA,20.82,23.37,11.5,0.43,5.1000,4.4700,6.7000,4.2000
$500 NBA Daily 8/13,2020-08-13T23:27:41.107472,estk_704bf44927134484e7c2f9e4f390b941,evt_704bf44927134484,Tony Bradley,NBA,16.59,21.46,12,0.43,3.9600,5.0400,5.3400,2.8900
