name,time,id,event_id,stock_name,sector,fantasy_points_projected,fantasy_points_projected_live,fantasy_points_scored,amount_completed,estimated_price,last_price,ask_price,bid_price
$500 NBA Daily 8/12,2020-08-11T16:00:09.854342,estk_9794761f70d24f866cb399d24c249554,evt_9794761f70d24f86,Nikola Jokic,NBA,47.3,,,,,,,
$500 NBA Daily 8/12,2020-08-11T16:00:09.854371,estk_9794761f70d24f86bb115bd4f54ff319,evt_9794761f70d24f86,Kawhi Leonard,NBA,38.66,,,,,,,
$500 NBA Daily 8/12,2020-08-11T16:00:09.854376,estk_9794761f70d24f8686ea8af848cca3f6,evt_9794761f70d24f86,Chris Paul,NBA,36.01,,,,,,,
$500 NBA Daily 8/12,2020-08-11T16:00:09.854381,estk_9794761f70d24f86f59563a6406f63f4,evt_9794761f70d24f86,Paul George,NBA,35.62,,,,,,,
$500 NBA Daily 8/12,2020-08-11T16:00:09.854385,estk_9794761f70d24f867c131e7cfd4ca8ad,evt_9794761f70d24f86,Pascal Siakam,NBA,33.71,,,,,,,
$500 NBA Daily 8/12,2020-08-11T16:00:09.854389,estk_9794761f70d24f86ea1a2c64334f4806,evt_9794761f70d24f86,Jimmy Butler,NBA,30.88,,,,,,,
$500 NBA Daily 8/12,2020-08-11T16:00:09.854393,estk_9794761f70d24f867606efecc2a97236,evt_9794761f70d24f86,Bam Adebayo,NBA,30.88,,,,,,,
$500 NBA Daily 8/12,2020-08-11T16:00:09.854397,estk_9794761f70d24f86cc28fb3568e3a1d6,evt_9794761f70d24f86,Kyle Lowry,NBA,30.68,,,,,,,
$500 NBA Daily 8/12,2020-08-11T16:00:09.854401,estk_9794761f70d24f8663a58b55849249a4,evt_9794761f70d24f86,Al Horford,NBA,30.04,,,,,,,
$500 NBA Daily 8/12,2020-08-11T16:00:09.854405,estk_9794761f70d24f8677c3d3d4d8ad15c5,evt_9794761f70d24f86,Tobias Harris,NBA,28.36,,,,,,,
$500 NBA Daily 8/12,2020-08-11T16:00:09.854409,estk_9794761f70d24f86d4dffde4be5e9336,evt_9794761f70d24f86,Jamal Murray,NBA,28.22,,,,,,,
$500 NBA Daily 8/12,2020-08-11T16:00:09.854413,estk_9794761f70d24f8633aee19dae855240,evt_9794761f70d24f86,Shai Gilgeous-Alexander,NBA,26.88,,,,,,,
$500 NBA Daily 8/12,2020-08-11T16:00:09.854417,estk_9794761f70d24f8693b3dc565aebb459,evt_9794761f70d24f86,Michael Porter,NBA,26.56,,,,,,,
$500 NBA Daily 8/12,2020-08-11T16:00:09.854421,estk_9794761f70d24f86cd439276c8d11f5d,evt_9794761f70d24f86,Fred VanVleet,NBA,25.92,,,,,,,
$500 NBA Daily 8/12,2020-08-11T16:00:09.854425,estk_9794761f70d24f866e1b2c66fb087a89,evt_9794761f70d24f86,Danilo Gallinari,NBA,25.49,,,,,,,
$500 NBA Daily 8/12,2020-08-11T16:00:09.854428,estk_9794761f70d24f86b3147c681557a264,evt_9794761f70d24f86,Josh Richardson,NBA,25.07,,,,,,,
$500 NBA Daily 8/12,2020-08-11T16:00:09.854433,estk_9794761f70d24f864d546eba965e40a0,evt_9794761f70d24f86,Steven Adams,NBA,24.83,,,,,,,
$500 NBA Daily 8/12,2020-08-11T16:00:09.854436,estk_9794761f70d24f8663cd57f03c75f817,evt_9794761f70d24f86,Paul Millsap,NBA,23.56,,,,,,,
$500 NBA Daily 8/12,2020-08-11T16:00:09.854440,estk_9794761f70d24f869c697d220453d606,evt_9794761f70d24f86,Goran Dragic,NBA,23.33,,,,,,,
$500 NBA Daily 8/12,2020-08-11T16:00:09.854444,estk_9794761f70d24f865cdd05960889fa04,evt_9794761f70d24f86,Serge Ibaka,NBA,23.05,,,,,,,
$500 NBA Daily 8/12,2020-08-11T16:00:09.854448,estk_9794761f70d24f8657693decb131a860,evt_9794761f70d24f86,Lou Williams,NBA,22.79,,,,,,,
$500 NBA Daily 8/12,2020-08-11T16:00:09.854451,estk_9794761f70d24f86ce8e428feaa184fb,evt_9794761f70d24f86,Dennis Schroder,NBA,22.71,,,,,,,
$500 NBA Daily 8/12,2020-08-11T16:00:09.854455,estk_9794761f70d24f86d846b1bc06a60007,evt_9794761f70d24f86,Marc Gasol,NBA,22.51,,,,,,,
$500 NBA Daily 8/12,2020-08-11T16:00:09.854459,estk_9794761f70d24f860483c685aa422392,evt_9794761f70d24f86,Kelly Olynyk,NBA,22.36,,,,,,,
$500 NBA Daily 8/12,2020-08-11T16:00:09.854463,estk_9794761f70d24f8685e7a39b281a7530,evt_9794761f70d24f86,Ivica Zubac,NBA,22.05,,,,,,,
$500 NBA Daily 8/12,2020-08-11T16:00:09.854467,estk_9794761f70d24f8629f4c1657b835f2a,evt_9794761f70d24f86,Will Barton,NBA,21.2,,,,,,,
$500 NBA Daily 8/12,2020-08-11T16:00:09.854471,estk_9794761f70d24f866de03cb5c6424ccc,evt_9794761f70d24f86,Norman Powell,NBA,19.56,,,,,,,
$500 NBA Daily 8/12,2020-08-11T16:00:09.854474,estk_9794761f70d24f865f7238ac84504d30,evt_9794761f70d24f86,Jerami Grant,NBA,18.91,,,,,,,
$500 NBA Daily 8/12,2020-08-11T16:00:09.854478,estk_9794761f70d24f86917294b6d366ae0e,evt_9794761f70d24f86,Jae Crowder,NBA,18.2,,,,,,,
$500 NBA Daily 8/12,2020-08-11T16:00:09.854481,estk_9794761f70d24f8682db34a5ef5dff8e,evt_9794761f70d24f86,OG Anunoby,NBA,18.17,,,,,,,
$500 NBA Daily 8/12,2020-08-11T16:00:09.854485,estk_9794761f70d24f866e82fa5f30bdfa80,evt_9794761f70d24f86,Marcus Morris,NBA,17.67,,,,,,,
$500 NBA Daily 8/12,2020-08-11T16:00:09.854488,estk_9794761f70d24f86a1e25447b314f889,evt_9794761f70d24f86,Shake Milton,NBA,17.26,,,,,,,
$500 NBA Daily 8/12,2020-08-11T16:00:09.854492,estk_9794761f70d24f86ea479abf3beddc59,evt_9794761f70d24f86,Gary Harris,NBA,17,,,,,,,
$500 NBA Daily 8/12,2020-08-11T16:00:09.854496,estk_9794761f70d24f86575ca725abf50fd3,evt_9794761f70d24f86,Alec Burks,NBA,16.99,,,,,,,
$500 NBA Daily 8/12,2020-08-11T16:00:09.854499,estk_9794761f70d24f8660935204130384bb,evt_9794761f70d24f86,Mason Plumlee,NBA,16.94,,,,,,,
$500 NBA Daily 8/12,2020-08-11T16:00:09.854503,estk_9794761f70d24f86f101f1906b677e1c,evt_9794761f70d24f86,JaMychal Green,NBA,16.89,,,,,,,
$500 NBA Daily 8/12,2020-08-11T16:00:09.854507,estk_9794761f70d24f8642bc562558c2576c,evt_9794761f70d24f86,Duncan Robinson,NBA,16.64,,,,,,,
$500 NBA Daily 8/12,2020-08-11T16:00:09.854511,estk_9794761f70d24f860b5bea604e9b515d,evt_9794761f70d24f86,Nerlens Noel,NBA,16.49,,,,,,,
$500 NBA Daily 8/12,2020-08-11T16:00:09.854515,estk_9794761f70d24f8638c0f853b03a1530,evt_9794761f70d24f86,Monte Morris,NBA,15.92,,,,,,,
$500 NBA Daily 8/12,2020-08-11T16:00:09.854519,estk_9794761f70d24f8685078b5202b93fb5,evt_9794761f70d24f86,Luguentz Dort,NBA,15.73,,,,,,,
$500 NBA Daily 8/12,2020-08-11T16:00:09.854522,estk_9794761f70d24f86b402a1af1291a618,evt_9794761f70d24f86,Patrick Beverley,NBA,15.69,,,,,,,
$500 NBA Daily 8/12,2020-08-11T16:00:09.854526,estk_9794761f70d24f868b0372db86dba9af,evt_9794761f70d24f86,Furkan Korkmaz,NBA,15.6,,,,,,,
$500 NBA Daily 8/12,2020-08-11T16:00:09.854529,estk_9794761f70d24f86e9aea717e9a5e7f3,evt_9794761f70d24f86,Reggie Jackson,NBA,15.28,,,,,,,
$500 NBA Daily 8/12,2020-08-11T16:00:09.854533,estk_9794761f70d24f861fb136f015ee25f6,evt_9794761f70d24f86,Tyler Herro,NBA,14.22,,,,,,,
$500 NBA Daily 8/12,2020-08-11T16:00:09.854537,estk_9794761f70d24f86d5d16483f5148c0b,evt_9794761f70d24f86,Darius Bazley,NBA,13.16,,,,,,,
$500 NBA Daily 8/12,2020-08-11T16:00:09.854540,estk_9794761f70d24f86f7a31aec0adc59e2,evt_9794761f70d24f86,Landry Shamet,NBA,12.63,,,,,,,
$500 NBA Daily 8/12,2020-08-11T16:00:09.854544,estk_9794761f70d24f8689a4b98163393691,evt_9794761f70d24f86,Raul Neto,NBA,4.02,,,,,,,
$500 NBA Daily 8/12,2020-08-11T16:00:09.854548,estk_9794761f70d24f867a763361bd2f9a08,evt_9794761f70d24f86,Joel Embiid,NBA,0,,,,,,,
$500 NBA Daily 8/12,2020-08-11T16:29:21.488013,estk_9794761f70d24f866cb399d24c249554,evt_9794761f70d24f86,Nikola Jokic,NBA,47.3,,,,14.1100,1.2000,,
$500 NBA Daily 8/12,2020-08-11T16:29:21.488041,estk_9794761f70d24f86bb115bd4f54ff319,evt_9794761f70d24f86,Kawhi Leonard,NBA,38.66,,,,10.0300,1.1400,,
$500 NBA Daily 8/12,2020-08-11T16:29:21.488046,estk_9794761f70d24f86f59563a6406f63f4,evt_9794761f70d24f86,Paul George,NBA,35.62,,,,8.8200,1.1200,,
$500 NBA Daily 8/12,2020-08-11T16:29:21.488050,estk_9794761f70d24f8686ea8af848cca3f6,evt_9794761f70d24f86,Chris Paul,NBA,32.73,,,,7.7300,1.1000,,
$500 NBA Daily 8/12,2020-08-11T16:29:21.488054,estk_9794761f70d24f867c131e7cfd4ca8ad,evt_9794761f70d24f86,Pascal Siakam,NBA,31.79,,,,7.2900,1.1000,,
$500 NBA Daily 8/12,2020-08-11T16:29:21.488058,estk_9794761f70d24f8663a58b55849249a4,evt_9794761f70d24f86,Al Horford,NBA,30.04,,,,6.7200,1.0900,,
$500 NBA Daily 8/12,2020-08-11T16:29:21.488062,estk_9794761f70d24f86ea1a2c64334f4806,evt_9794761f70d24f86,Jimmy Butler,NBA,29.94,,,,6.6600,1.0900,,
$500 NBA Daily 8/12,2020-08-11T16:29:21.488065,estk_9794761f70d24f86cd439276c8d11f5d,evt_9794761f70d24f86,Fred VanVleet,NBA,29.37,,,,6.5000,1.0800,,
$500 NBA Daily 8/12,2020-08-11T16:29:21.488069,estk_9794761f70d24f86d4dffde4be5e9336,evt_9794761f70d24f86,Jamal Murray,NBA,28.22,,,,6.1200,1.0800,,
$500 NBA Daily 8/12,2020-08-11T16:29:21.488073,estk_9794761f70d24f8677c3d3d4d8ad15c5,evt_9794761f70d24f86,Tobias Harris,NBA,28.36,,,,6.1100,1.0800,,
$500 NBA Daily 8/12,2020-08-11T16:29:21.488077,estk_9794761f70d24f86cc28fb3568e3a1d6,evt_9794761f70d24f86,Kyle Lowry,NBA,28.13,,,,6.0800,1.0800,,
$500 NBA Daily 8/12,2020-08-11T16:29:21.488080,estk_9794761f70d24f8633aee19dae855240,evt_9794761f70d24f86,Shai Gilgeous-Alexander,NBA,27.7,,,,5.9600,1.0800,,
$500 NBA Daily 8/12,2020-08-11T16:29:21.488084,estk_9794761f70d24f8693b3dc565aebb459,evt_9794761f70d24f86,Michael Porter,NBA,26.56,,,,5.5500,1.0700,,
$500 NBA Daily 8/12,2020-08-11T16:29:21.488087,estk_9794761f70d24f867606efecc2a97236,evt_9794761f70d24f86,Bam Adebayo,NBA,25.9,,,,5.4200,1.0700,,
$500 NBA Daily 8/12,2020-08-11T16:29:21.488091,estk_9794761f70d24f86b3147c681557a264,evt_9794761f70d24f86,Josh Richardson,NBA,25.07,,,,5.1100,1.0600,,
$500 NBA Daily 8/12,2020-08-11T16:29:21.488094,estk_9794761f70d24f864d546eba965e40a0,evt_9794761f70d24f86,Steven Adams,NBA,24.83,,,,5.0600,1.0600,,
$500 NBA Daily 8/12,2020-08-11T16:29:21.488098,estk_9794761f70d24f8663cd57f03c75f817,evt_9794761f70d24f86,Paul Millsap,NBA,23.56,,,,4.7200,1.0600,,
$500 NBA Daily 8/12,2020-08-11T16:29:21.488102,estk_9794761f70d24f869c697d220453d606,evt_9794761f70d24f86,Goran Dragic,NBA,23.33,,,,4.7200,1.0600,,
$500 NBA Daily 8/12,2020-08-11T16:29:21.488105,estk_9794761f70d24f8657693decb131a860,evt_9794761f70d24f86,Lou Williams,NBA,22.79,,,,4.5600,1.0500,,
$500 NBA Daily 8/12,2020-08-11T16:29:21.488109,estk_9794761f70d24f860483c685aa422392,evt_9794761f70d24f86,Kelly Olynyk,NBA,22.36,,,,4.4800,1.0500,,
$500 NBA Daily 8/12,2020-08-11T16:29:21.488113,estk_9794761f70d24f8685e7a39b281a7530,evt_9794761f70d24f86,Ivica Zubac,NBA,22.05,,,,4.3700,1.0500,,
$500 NBA Daily 8/12,2020-08-11T16:29:21.488116,estk_9794761f70d24f865cdd05960889fa04,evt_9794761f70d24f86,Serge Ibaka,NBA,21.14,,,,4.1300,1.0500,,
$500 NBA Daily 8/12,2020-08-11T16:29:21.488120,estk_9794761f70d24f8629f4c1657b835f2a,evt_9794761f70d24f86,Will Barton,NBA,21.2,,,,4.1200,1.0500,,
$500 NBA Daily 8/12,2020-08-11T16:29:21.488123,estk_9794761f70d24f86d846b1bc06a60007,evt_9794761f70d24f86,Marc Gasol,NBA,20.64,,,,4.0600,1.0500,,
$500 NBA Daily 8/12,2020-08-11T16:29:21.488127,estk_9794761f70d24f86917294b6d366ae0e,evt_9794761f70d24f86,Jae Crowder,NBA,18.89,,,,3.6400,1.0400,,
$500 NBA Daily 8/12,2020-08-11T16:29:21.488130,estk_9794761f70d24f865f7238ac84504d30,evt_9794761f70d24f86,Jerami Grant,NBA,18.91,,,,3.6300,1.0400,,
$500 NBA Daily 8/12,2020-08-11T16:29:21.488134,estk_9794761f70d24f8642bc562558c2576c,evt_9794761f70d24f86,Duncan Robinson,NBA,17.74,,,,3.4300,1.0400,,
$500 NBA Daily 8/12,2020-08-11T16:29:21.488137,estk_9794761f70d24f866e82fa5f30bdfa80,evt_9794761f70d24f86,Marcus Morris,NBA,17.67,,,,3.3300,1.0400,,
$500 NBA Daily 8/12,2020-08-11T16:29:21.488141,estk_9794761f70d24f86a1e25447b314f889,evt_9794761f70d24f86,Shake Milton,NBA,17.26,,,,3.2800,1.0300,,
$500 NBA Daily 8/12,2020-08-11T16:29:21.488144,estk_9794761f70d24f86ea479abf3beddc59,evt_9794761f70d24f86,Gary Harris,NBA,17,,,,3.2700,1.0300,,
$500 NBA Daily 8/12,2020-08-11T16:29:21.488147,estk_9794761f70d24f8682db34a5ef5dff8e,evt_9794761f70d24f86,OG Anunoby,NBA,16.96,,,,3.2600,1.0300,,
$500 NBA Daily 8/12,2020-08-11T16:29:21.488151,estk_9794761f70d24f86575ca725abf50fd3,evt_9794761f70d24f86,Alec Burks,NBA,16.99,,,,3.2500,1.0300,,
$500 NBA Daily 8/12,2020-08-11T16:29:21.488155,estk_9794761f70d24f866de03cb5c6424ccc,evt_9794761f70d24f86,Norman Powell,NBA,16.95,,,,3.2400,1.0300,,
$500 NBA Daily 8/12,2020-08-11T16:29:21.488158,estk_9794761f70d24f8660935204130384bb,evt_9794761f70d24f86,Mason Plumlee,NBA,16.94,,,,3.2300,1.0300,,
$500 NBA Daily 8/12,2020-08-11T16:29:21.488162,estk_9794761f70d24f86f101f1906b677e1c,evt_9794761f70d24f86,JaMychal Green,NBA,16.89,,,,3.2300,1.0300,,
$500 NBA Daily 8/12,2020-08-11T16:29:21.488166,estk_9794761f70d24f8685078b5202b93fb5,evt_9794761f70d24f86,Luguentz Dort,NBA,16.86,,,,3.2300,1.0300,,
$500 NBA Daily 8/12,2020-08-11T16:29:21.488170,estk_9794761f70d24f86b402a1af1291a618,evt_9794761f70d24f86,Patrick Beverley,NBA,15.69,,,,3.0900,1.0300,,
$500 NBA Daily 8/12,2020-08-11T16:29:21.488173,estk_9794761f70d24f8638c0f853b03a1530,evt_9794761f70d24f86,Monte Morris,NBA,15.92,,,,3.0800,1.0300,,
$500 NBA Daily 8/12,2020-08-11T16:29:21.488176,estk_9794761f70d24f860b5bea604e9b515d,evt_9794761f70d24f86,Nerlens Noel,NBA,15.59,,,,3.0400,1.0300,,
$500 NBA Daily 8/12,2020-08-11T16:29:21.488180,estk_9794761f70d24f868b0372db86dba9af,evt_9794761f70d24f86,Furkan Korkmaz,NBA,15.6,,,,3.0200,1.0300,,
$500 NBA Daily 8/12,2020-08-11T16:29:21.488183,estk_9794761f70d24f861fb136f015ee25f6,evt_9794761f70d24f86,Tyler Herro,NBA,15.45,,,,3.0000,1.0300,,
$500 NBA Daily 8/12,2020-08-11T16:29:21.488186,estk_9794761f70d24f86e9aea717e9a5e7f3,evt_9794761f70d24f86,Reggie Jackson,NBA,15.28,,,,2.9200,1.0300,,
$500 NBA Daily 8/12,2020-08-11T16:29:21.488190,estk_9794761f70d24f86d5d16483f5148c0b,evt_9794761f70d24f86,Darius Bazley,NBA,12.6,,,,2.5400,1.0200,,
$500 NBA Daily 8/12,2020-08-11T16:29:21.488194,estk_9794761f70d24f86f7a31aec0adc59e2,evt_9794761f70d24f86,Landry Shamet,NBA,12.63,,,,2.5000,1.0200,,
$500 NBA Daily 8/12,2020-08-11T16:29:21.488197,estk_9794761f70d24f8689a4b98163393691,evt_9794761f70d24f86,Raul Neto,NBA,4.02,,,,1.6500,1.0100,,
$500 NBA Daily 8/12,2020-08-11T16:29:21.488201,estk_9794761f70d24f86ce8e428feaa184fb,evt_9794761f70d24f86,Dennis Schroder,NBA,0,,,,1.0000,1.0100,,
$500 NBA Daily 8/12,2020-08-11T16:29:21.488204,estk_9794761f70d24f867a763361bd2f9a08,evt_9794761f70d24f86,Joel Embiid,NBA,0,,,,1.0000,1.0000,,
$500 NBA Daily 8/12,2020-08-11T16:29:21.488208,estk_9794761f70d24f866e1b2c66fb087a89,evt_9794761f70d24f86,Danilo Gallinari,NBA,0,,,,1.0000,1.0100,,
$500 NBA Daily 8/12,2020-08-12T16:16:23.894496,estk_9794761f70d24f866cb399d24c249554,evt_9794761f70d24f86,Nikola Jokic,NBA,47.3,,,,15.0100,13.5400,,
$500 NBA Daily 8/12,2020-08-12T16:16:23.894527,estk_9794761f70d24f86bb115bd4f54ff319,evt_9794761f70d24f86,Kawhi Leonard,NBA,39.85,,,,11.2900,9.9700,,
$500 NBA Daily 8/12,2020-08-12T16:16:23.894532,estk_9794761f70d24f86f59563a6406f63f4,evt_9794761f70d24f86,Paul George,NBA,35.64,,,,9.2100,8.0600,,
$500 NBA Daily 8/12,2020-08-12T16:16:23.894536,estk_9794761f70d24f8686ea8af848cca3f6,evt_9794761f70d24f86,Chris Paul,NBA,32.73,,,,7.9800,6.8000,,
$500 NBA Daily 8/12,2020-08-12T16:16:23.894540,estk_9794761f70d24f867c131e7cfd4ca8ad,evt_9794761f70d24f86,Pascal Siakam,NBA,31.79,,,,7.5200,6.4700,,
$500 NBA Daily 8/12,2020-08-12T16:16:23.894543,estk_9794761f70d24f8663a58b55849249a4,evt_9794761f70d24f86,Al Horford,NBA,30.04,,,,6.9500,5.8400,,
$500 NBA Daily 8/12,2020-08-12T16:16:23.894547,estk_9794761f70d24f86ea1a2c64334f4806,evt_9794761f70d24f86,Jimmy Butler,NBA,29.94,,,,6.9100,5.7900,,
$500 NBA Daily 8/12,2020-08-12T16:16:23.894551,estk_9794761f70d24f86cd439276c8d11f5d,evt_9794761f70d24f86,Fred VanVleet,NBA,29.37,,,,6.6100,5.5900,,
$500 NBA Daily 8/12,2020-08-12T16:16:23.894555,estk_9794761f70d24f86d4dffde4be5e9336,evt_9794761f70d24f86,Jamal Murray,NBA,28.22,,,,6.3000,5.2300,,
$500 NBA Daily 8/12,2020-08-12T16:16:23.894558,estk_9794761f70d24f8677c3d3d4d8ad15c5,evt_9794761f70d24f86,Tobias Harris,NBA,28.37,,,,6.2800,5.2800,,
$500 NBA Daily 8/12,2020-08-12T16:16:23.894562,estk_9794761f70d24f86cc28fb3568e3a1d6,evt_9794761f70d24f86,Kyle Lowry,NBA,28.13,,,,6.1900,5.2200,,
$500 NBA Daily 8/12,2020-08-12T16:16:23.894566,estk_9794761f70d24f8633aee19dae855240,evt_9794761f70d24f86,Shai Gilgeous-Alexander,NBA,27.7,,,,6.0300,5.0900,,
$500 NBA Daily 8/12,2020-08-12T16:16:23.894569,estk_9794761f70d24f8693b3dc565aebb459,evt_9794761f70d24f86,Michael Porter,NBA,26.56,,,,5.7100,4.7500,,
$500 NBA Daily 8/12,2020-08-12T16:16:23.894573,estk_9794761f70d24f867606efecc2a97236,evt_9794761f70d24f86,Bam Adebayo,NBA,25.9,,,,5.4500,4.5800,,
$500 NBA Daily 8/12,2020-08-12T16:16:23.894576,estk_9794761f70d24f86b3147c681557a264,evt_9794761f70d24f86,Josh Richardson,NBA,25.07,,,,5.1900,4.3600,,
$500 NBA Daily 8/12,2020-08-12T16:16:23.894580,estk_9794761f70d24f8685e7a39b281a7530,evt_9794761f70d24f86,Ivica Zubac,NBA,25.05,,,,5.1700,4.3500,,
$500 NBA Daily 8/12,2020-08-12T16:16:23.894583,estk_9794761f70d24f864d546eba965e40a0,evt_9794761f70d24f86,Steven Adams,NBA,24.83,,,,5.1100,4.2800,,
$500 NBA Daily 8/12,2020-08-12T16:16:23.894587,estk_9794761f70d24f869c697d220453d606,evt_9794761f70d24f86,Goran Dragic,NBA,23.33,,,,4.7300,3.9700,,
$500 NBA Daily 8/12,2020-08-12T16:16:23.894590,estk_9794761f70d24f8663cd57f03c75f817,evt_9794761f70d24f86,Paul Millsap,NBA,23.56,,,,4.7200,3.9800,,
$500 NBA Daily 8/12,2020-08-12T16:16:23.894594,estk_9794761f70d24f866e1b2c66fb087a89,evt_9794761f70d24f86,Danilo Gallinari,NBA,22.85,,,,4.6200,3.8600,,
$500 NBA Daily 8/12,2020-08-12T16:16:23.894597,estk_9794761f70d24f86e9aea717e9a5e7f3,evt_9794761f70d24f86,Reggie Jackson,NBA,22.93,,,,4.6000,3.8700,,
$500 NBA Daily 8/12,2020-08-12T16:16:23.894601,estk_9794761f70d24f8657693decb131a860,evt_9794761f70d24f86,Lou Williams,NBA,22.77,,,,4.5100,3.8100,,
$500 NBA Daily 8/12,2020-08-12T16:16:23.894605,estk_9794761f70d24f860483c685aa422392,evt_9794761f70d24f86,Kelly Olynyk,NBA,22.36,,,,4.4300,3.7300,,
$500 NBA Daily 8/12,2020-08-12T16:16:23.894609,estk_9794761f70d24f866e82fa5f30bdfa80,evt_9794761f70d24f86,Marcus Morris,NBA,21.21,,,,4.1300,3.4800,,
$500 NBA Daily 8/12,2020-08-12T16:16:23.894613,estk_9794761f70d24f865cdd05960889fa04,evt_9794761f70d24f86,Serge Ibaka,NBA,21.14,,,,4.0800,3.4700,,
$500 NBA Daily 8/12,2020-08-12T16:16:23.894616,estk_9794761f70d24f86d846b1bc06a60007,evt_9794761f70d24f86,Marc Gasol,NBA,20.64,,,,3.9400,3.3600,,
$500 NBA Daily 8/12,2020-08-12T16:16:23.894620,estk_9794761f70d24f86917294b6d366ae0e,evt_9794761f70d24f86,Jae Crowder,NBA,18.89,,,,3.6100,3.0700,,
$500 NBA Daily 8/12,2020-08-12T16:16:23.894623,estk_9794761f70d24f865f7238ac84504d30,evt_9794761f70d24f86,Jerami Grant,NBA,18.91,,,,3.5400,3.0400,,
$500 NBA Daily 8/12,2020-08-12T16:16:23.894627,estk_9794761f70d24f8642bc562558c2576c,evt_9794761f70d24f86,Duncan Robinson,NBA,17.74,,,,3.3200,2.8500,,
$500 NBA Daily 8/12,2020-08-12T16:16:23.894633,estk_9794761f70d24f866de03cb5c6424ccc,evt_9794761f70d24f86,Norman Powell,NBA,16.95,,,,3.1800,2.7400,,
$500 NBA Daily 8/12,2020-08-12T16:16:23.894637,estk_9794761f70d24f86575ca725abf50fd3,evt_9794761f70d24f86,Alec Burks,NBA,17.08,,,,3.1700,2.7500,,
$500 NBA Daily 8/12,2020-08-12T16:16:23.894641,estk_9794761f70d24f86f101f1906b677e1c,evt_9794761f70d24f86,JaMychal Green,NBA,16.89,,,,3.1700,2.7300,,
$500 NBA Daily 8/12,2020-08-12T16:16:23.894644,estk_9794761f70d24f86a1e25447b314f889,evt_9794761f70d24f86,Shake Milton,NBA,17.18,,,,3.1600,2.7700,,
$500 NBA Daily 8/12,2020-08-12T16:16:23.894648,estk_9794761f70d24f8682db34a5ef5dff8e,evt_9794761f70d24f86,OG Anunoby,NBA,16.96,,,,3.1400,2.7200,,
$500 NBA Daily 8/12,2020-08-12T16:16:23.894651,estk_9794761f70d24f8660935204130384bb,evt_9794761f70d24f86,Mason Plumlee,NBA,16.94,,,,3.1300,2.7200,,
$500 NBA Daily 8/12,2020-08-12T16:16:23.894655,estk_9794761f70d24f8638c0f853b03a1530,evt_9794761f70d24f86,Monte Morris,NBA,15.92,,,,2.9300,2.5500,,
$500 NBA Daily 8/12,2020-08-12T16:16:23.894661,estk_9794761f70d24f868b0372db86dba9af,evt_9794761f70d24f86,Furkan Korkmaz,NBA,15.29,,,,2.8800,2.5000,,
$500 NBA Daily 8/12,2020-08-12T16:16:23.894665,estk_9794761f70d24f861fb136f015ee25f6,evt_9794761f70d24f86,Tyler Herro,NBA,15.45,,,,2.8500,2.4800,,
$500 NBA Daily 8/12,2020-08-12T16:16:23.894668,estk_9794761f70d24f8685078b5202b93fb5,evt_9794761f70d24f86,Luguentz Dort,NBA,15.18,,,,2.8400,2.4700,,
$500 NBA Daily 8/12,2020-08-12T16:16:23.894671,estk_9794761f70d24f860b5bea604e9b515d,evt_9794761f70d24f86,Nerlens Noel,NBA,14.66,,,,2.7100,2.3900,,
$500 NBA Daily 8/12,2020-08-12T16:16:23.894675,estk_9794761f70d24f86d5d16483f5148c0b,evt_9794761f70d24f86,Darius Bazley,NBA,12.6,,,,2.4300,2.1500,,
$500 NBA Daily 8/12,2020-08-12T16:16:23.894678,estk_9794761f70d24f8689a4b98163393691,evt_9794761f70d24f86,Raul Neto,NBA,4.08,,,,1.5400,1.4400,,
$500 NBA Daily 8/12,2020-08-12T16:16:23.894682,estk_9794761f70d24f867a763361bd2f9a08,evt_9794761f70d24f86,Joel Embiid,NBA,0,,,,1.0000,1.0000,,
$500 NBA Daily 8/12,2020-08-12T16:16:23.894686,estk_9794761f70d24f86b402a1af1291a618,evt_9794761f70d24f86,Patrick Beverley,NBA,0,,,,1.0000,1.3800,,
$500 NBA Daily 8/12,2020-08-12T16:16:23.894690,estk_9794761f70d24f86ce8e428feaa184fb,evt_9794761f70d24f86,Dennis Schroder,NBA,0,,,,1.0000,1.0100,,
$500 NBA Daily 8/12,2020-08-12T16:16:23.894694,estk_9794761f70d24f8629f4c1657b835f2a,evt_9794761f70d24f86,Will Barton,NBA,0,,,,1.0000,1.5000,,
$500 NBA Daily 8/12,2020-08-12T16:16:23.894697,estk_9794761f70d24f86ea479abf3beddc59,evt_9794761f70d24f86,Gary Harris,NBA,0,,,,1.0000,1.3300,,
$500 NBA Daily 8/12,2020-08-12T16:16:23.894701,estk_9794761f70d24f86f7a31aec0adc59e2,evt_9794761f70d24f86,Landry Shamet,NBA,0,,,,1.0000,1.2900,,
$500 NBA Daily 8/12,2020-08-12T20:59:54.715039,estk_9794761f70d24f866cb399d24c249554,evt_9794761f70d24f86,Nikola Jokic,NBA,44.51,44.51,0,0,13.5100,13.8700,15.0700,
$500 NBA Daily 8/12,2020-08-12T20:59:54.715075,estk_9794761f70d24f867a763361bd2f9a08,evt_9794761f70d24f86,Joel Embiid,NBA,42.88,42.88,0,0,12.7700,12.9200,14.2400,
$500 NBA Daily 8/12,2020-08-12T20:59:54.715081,estk_9794761f70d24f86bb115bd4f54ff319,evt_9794761f70d24f86,Kawhi Leonard,NBA,39.85,39.85,0,0,11.1200,11.1600,12.6300,
$500 NBA Daily 8/12,2020-08-12T20:59:54.715086,estk_9794761f70d24f86f59563a6406f63f4,evt_9794761f70d24f86,Paul George,NBA,35.64,35.64,0,0,9.0900,8.9100,10.6400,
$500 NBA Daily 8/12,2020-08-12T20:59:54.715090,estk_9794761f70d24f8686ea8af848cca3f6,evt_9794761f70d24f86,Chris Paul,NBA,32.73,32.73,0,0,7.6900,7.5400,9.3300,
$500 NBA Daily 8/12,2020-08-12T20:59:54.715094,estk_9794761f70d24f8693b3dc565aebb459,evt_9794761f70d24f86,Michael Porter,NBA,32.47,32.47,0,0,7.5800,7.4100,9.2300,
$500 NBA Daily 8/12,2020-08-12T20:59:54.715098,estk_9794761f70d24f867c131e7cfd4ca8ad,evt_9794761f70d24f86,Pascal Siakam,NBA,31.79,31.79,0,0,7.3500,7.1400,8.9700,
$500 NBA Daily 8/12,2020-08-12T20:59:54.715102,estk_9794761f70d24f86ea1a2c64334f4806,evt_9794761f70d24f86,Jimmy Butler,NBA,29.94,29.94,0,0,6.6100,6.3800,8.2400,
$500 NBA Daily 8/12,2020-08-12T20:59:54.715106,estk_9794761f70d24f86cd439276c8d11f5d,evt_9794761f70d24f86,Fred VanVleet,NBA,29.37,29.37,0,0,6.3700,6.1700,8.0000,
$500 NBA Daily 8/12,2020-08-12T20:59:54.715111,estk_9794761f70d24f867606efecc2a97236,evt_9794761f70d24f86,Bam Adebayo,NBA,28.9,28.9,0,0,6.1300,6.0000,7.7500,
$500 NBA Daily 8/12,2020-08-12T20:59:54.715114,estk_9794761f70d24f86d4dffde4be5e9336,evt_9794761f70d24f86,Jamal Murray,NBA,28.22,28.22,0,0,6.0200,5.7300,7.5400,
$500 NBA Daily 8/12,2020-08-12T20:59:54.715118,estk_9794761f70d24f8677c3d3d4d8ad15c5,evt_9794761f70d24f86,Tobias Harris,NBA,28.37,28.37,0,0,5.9800,5.8100,7.6000,
$500 NBA Daily 8/12,2020-08-12T20:59:54.715122,estk_9794761f70d24f8663a58b55849249a4,evt_9794761f70d24f86,Al Horford,NBA,28.1,28.1,0,0,5.9400,5.9000,7.5300,
$500 NBA Daily 8/12,2020-08-12T20:59:54.715126,estk_9794761f70d24f86cc28fb3568e3a1d6,evt_9794761f70d24f86,Kyle Lowry,NBA,28.13,28.13,0,0,5.9200,5.6900,7.4800,
$500 NBA Daily 8/12,2020-08-12T20:59:54.715130,estk_9794761f70d24f8633aee19dae855240,evt_9794761f70d24f86,Shai Gilgeous-Alexander,NBA,27.7,27.7,0,0,5.7200,5.5400,7.3300,
$500 NBA Daily 8/12,2020-08-12T20:59:54.715133,estk_9794761f70d24f86b3147c681557a264,evt_9794761f70d24f86,Josh Richardson,NBA,25.07,25.07,0,0,4.8700,4.7300,6.4700,
$500 NBA Daily 8/12,2020-08-12T20:59:54.715137,estk_9794761f70d24f8685e7a39b281a7530,evt_9794761f70d24f86,Ivica Zubac,NBA,25.05,25.05,0,0,4.8600,4.7400,6.4600,
$500 NBA Daily 8/12,2020-08-12T20:59:54.715141,estk_9794761f70d24f864d546eba965e40a0,evt_9794761f70d24f86,Steven Adams,NBA,24.83,24.83,0,0,4.8600,4.6900,6.4200,
$500 NBA Daily 8/12,2020-08-12T20:59:54.715145,estk_9794761f70d24f8663cd57f03c75f817,evt_9794761f70d24f86,Paul Millsap,NBA,23.56,23.56,0,0,4.3900,4.3700,5.9800,
$500 NBA Daily 8/12,2020-08-12T20:59:54.715149,estk_9794761f70d24f869c697d220453d606,evt_9794761f70d24f86,Goran Dragic,NBA,23.33,23.33,0,0,4.3900,4.3000,5.9400,
$500 NBA Daily 8/12,2020-08-12T20:59:54.715153,estk_9794761f70d24f86e9aea717e9a5e7f3,evt_9794761f70d24f86,Reggie Jackson,NBA,22.93,22.93,0,0,4.2700,4.2000,5.8600,
$500 NBA Daily 8/12,2020-08-12T20:59:54.715156,estk_9794761f70d24f8657693decb131a860,evt_9794761f70d24f86,Lou Williams,NBA,22.77,22.77,0,0,4.2400,4.1800,5.8200,
$500 NBA Daily 8/12,2020-08-12T20:59:54.715160,estk_9794761f70d24f866e1b2c66fb087a89,evt_9794761f70d24f86,Danilo Gallinari,NBA,22.85,22.85,0,0,4.2100,4.1800,5.7900,
$500 NBA Daily 8/12,2020-08-12T20:59:54.715164,estk_9794761f70d24f866e82fa5f30bdfa80,evt_9794761f70d24f86,Marcus Morris,NBA,21.21,21.21,0,0,3.8200,3.8400,5.4000,
$500 NBA Daily 8/12,2020-08-12T20:59:54.715168,estk_9794761f70d24f865cdd05960889fa04,evt_9794761f70d24f86,Serge Ibaka,NBA,21.14,21.14,0,0,3.7600,3.8300,5.3400,
$500 NBA Daily 8/12,2020-08-12T20:59:54.715171,estk_9794761f70d24f860483c685aa422392,evt_9794761f70d24f86,Kelly Olynyk,NBA,20.77,20.77,0,0,3.6900,3.7600,5.2600,
$500 NBA Daily 8/12,2020-08-12T20:59:54.715175,estk_9794761f70d24f86d846b1bc06a60007,evt_9794761f70d24f86,Marc Gasol,NBA,20.64,20.64,0,0,3.6300,3.7000,5.2000,
$500 NBA Daily 8/12,2020-08-12T20:59:54.715178,estk_9794761f70d24f865f7238ac84504d30,evt_9794761f70d24f86,Jerami Grant,NBA,20.32,20.32,0,0,3.6100,3.7100,5.1500,
$500 NBA Daily 8/12,2020-08-12T20:59:54.715182,estk_9794761f70d24f86917294b6d366ae0e,evt_9794761f70d24f86,Jae Crowder,NBA,18.89,18.89,0,0,3.2900,3.3500,4.8400,
$500 NBA Daily 8/12,2020-08-12T20:59:54.715186,estk_9794761f70d24f86a1e25447b314f889,evt_9794761f70d24f86,Shake Milton,NBA,18.45,18.45,0,0,3.1400,3.2900,4.7000,
$500 NBA Daily 8/12,2020-08-12T20:59:54.715190,estk_9794761f70d24f8638c0f853b03a1530,evt_9794761f70d24f86,Monte Morris,NBA,18.19,18.19,0,0,3.1100,3.2300,4.6700,
$500 NBA Daily 8/12,2020-08-12T20:59:54.715194,estk_9794761f70d24f8642bc562558c2576c,evt_9794761f70d24f86,Duncan Robinson,NBA,17.74,17.74,0,0,3.0000,3.1500,4.5600,
$500 NBA Daily 8/12,2020-08-12T20:59:54.715198,estk_9794761f70d24f8682db34a5ef5dff8e,evt_9794761f70d24f86,OG Anunoby,NBA,16.96,16.96,0,0,2.8700,3.0600,4.4300,
$500 NBA Daily 8/12,2020-08-12T20:59:54.715202,estk_9794761f70d24f866de03cb5c6424ccc,evt_9794761f70d24f86,Norman Powell,NBA,16.95,16.95,0,0,2.8700,3.0300,4.4300,
$500 NBA Daily 8/12,2020-08-12T20:59:54.715206,estk_9794761f70d24f8660935204130384bb,evt_9794761f70d24f86,Mason Plumlee,NBA,16.94,16.94,0,0,2.8600,3.0600,4.4200,
$500 NBA Daily 8/12,2020-08-12T20:59:54.715209,estk_9794761f70d24f86f101f1906b677e1c,evt_9794761f70d24f86,JaMychal Green,NBA,16.89,16.89,0,0,2.8500,3.0900,4.4100,
$500 NBA Daily 8/12,2020-08-12T20:59:54.715214,estk_9794761f70d24f868b0372db86dba9af,evt_9794761f70d24f86,Furkan Korkmaz,NBA,15.98,15.98,0,0,2.6800,2.8500,4.2300,
$500 NBA Daily 8/12,2020-08-12T20:59:54.715218,estk_9794761f70d24f861fb136f015ee25f6,evt_9794761f70d24f86,Tyler Herro,NBA,15.45,15.45,0,0,2.5700,2.8400,4.1200,
$500 NBA Daily 8/12,2020-08-12T20:59:54.715222,estk_9794761f70d24f8685078b5202b93fb5,evt_9794761f70d24f86,Luguentz Dort,NBA,15.18,15.18,0,0,2.5700,2.7300,4.1200,
$500 NBA Daily 8/12,2020-08-12T20:59:54.715226,estk_9794761f70d24f860b5bea604e9b515d,evt_9794761f70d24f86,Nerlens Noel,NBA,14.66,14.66,0,0,2.4500,2.6400,4.0000,
$500 NBA Daily 8/12,2020-08-12T20:59:54.715229,estk_9794761f70d24f86d5d16483f5148c0b,evt_9794761f70d24f86,Darius Bazley,NBA,12.6,12.6,0,0,2.1700,2.4100,3.7100,
$500 NBA Daily 8/12,2020-08-12T20:59:54.715233,estk_9794761f70d24f8689a4b98163393691,evt_9794761f70d24f86,Raul Neto,NBA,4.08,4.08,0,0,1.4100,1.6300,2.9400,
$500 NBA Daily 8/12,2020-08-12T20:59:54.715237,estk_9794761f70d24f8629f4c1657b835f2a,evt_9794761f70d24f86,Will Barton,NBA,0,0,0,0,1.0000,1.5000,2.5200,
$500 NBA Daily 8/12,2020-08-12T20:59:54.715240,estk_9794761f70d24f86575ca725abf50fd3,evt_9794761f70d24f86,Alec Burks,NBA,0,0,0,0,1.0000,2.7600,2.5200,
$500 NBA Daily 8/12,2020-08-12T20:59:54.715244,estk_9794761f70d24f86ea479abf3beddc59,evt_9794761f70d24f86,Gary Harris,NBA,0,0,0,0,1.0000,1.3300,2.5200,
$500 NBA Daily 8/12,2020-08-12T20:59:54.715248,estk_9794761f70d24f86b402a1af1291a618,evt_9794761f70d24f86,Patrick Beverley,NBA,0,0,0,0,1.0000,1.3800,2.5200,
$500 NBA Daily 8/12,2020-08-12T20:59:54.715252,estk_9794761f70d24f86ce8e428feaa184fb,evt_9794761f70d24f86,Dennis Schroder,NBA,0,0,0,0,1.0000,1.0100,2.5200,
$500 NBA Daily 8/12,2020-08-12T20:59:54.715257,estk_9794761f70d24f86f7a31aec0adc59e2,evt_9794761f70d24f86,Landry Shamet,NBA,0,0,0,0,1.0000,1.2900,2.5200,
$500 NBA Daily 8/12,2020-08-12T22:47:46.673345,estk_9794761f70d24f867a763361bd2f9a08,evt_9794761f70d24f86,Joel Embiid,NBA,44.3,43.36,-0.5,0.01,12.9400,12.9200,14.5800,
$500 NBA Daily 8/12,2020-08-12T22:47:46.673396,estk_9794761f70d24f867c131e7cfd4ca8ad,evt_9794761f70d24f86,Pascal Siakam,NBA,31.79,31.47,0,0.01,7.3400,7.1400,8.9800,
$500 NBA Daily 8/12,2020-08-12T22:47:46.673404,estk_9794761f70d24f86cd439276c8d11f5d,evt_9794761f70d24f86,Fred VanVleet,NBA,29.37,32.58,3.5,0.01,6.4500,6.1700,8.0000,
$500 NBA Daily 8/12,2020-08-12T22:47:46.673411,estk_9794761f70d24f8677c3d3d4d8ad15c5,evt_9794761f70d24f86,Tobias Harris,NBA,28.37,28.09,0,0.01,6.0700,5.8100,7.6000,
$500 NBA Daily 8/12,2020-08-12T22:47:46.673419,estk_9794761f70d24f86cc28fb3568e3a1d6,evt_9794761f70d24f86,Kyle Lowry,NBA,28.13,31.35,3.5,0.01,5.9700,5.6900,7.4800,
$500 NBA Daily 8/12,2020-08-12T22:47:46.673423,estk_9794761f70d24f8663a58b55849249a4,evt_9794761f70d24f86,Al Horford,NBA,28.1,27.82,0,0.01,5.8900,5.9000,7.5300,
$500 NBA Daily 8/12,2020-08-12T22:47:46.673435,estk_9794761f70d24f86b3147c681557a264,evt_9794761f70d24f86,Josh Richardson,NBA,25.07,24.82,0,0.01,4.9700,4.7300,6.4700,
$500 NBA Daily 8/12,2020-08-12T22:47:46.673466,estk_9794761f70d24f86d846b1bc06a60007,evt_9794761f70d24f86,Marc Gasol,NBA,20.64,20.43,0,0.01,3.8600,3.7000,5.2000,
$500 NBA Daily 8/12,2020-08-12T22:47:46.673473,estk_9794761f70d24f866de03cb5c6424ccc,evt_9794761f70d24f86,Norman Powell,NBA,19.56,19.36,0,0.01,3.5700,3.0300,5.3800,
$500 NBA Daily 8/12,2020-08-12T22:47:46.673481,estk_9794761f70d24f86a1e25447b314f889,evt_9794761f70d24f86,Shake Milton,NBA,18.45,18.27,0,0.01,3.4200,3.2900,4.7000,
$500 NBA Daily 8/12,2020-08-12T22:47:46.673492,estk_9794761f70d24f868b0372db86dba9af,evt_9794761f70d24f86,Furkan Korkmaz,NBA,17.38,17.21,0,0.01,3.1600,2.8500,4.7300,
$500 NBA Daily 8/12,2020-08-12T22:47:46.673517,estk_9794761f70d24f8689a4b98163393691,evt_9794761f70d24f86,Raul Neto,NBA,4.08,4.04,0,0.01,1.5400,1.6300,2.9400,
$500 NBA Daily 8/12,2020-08-12T22:47:46.673521,estk_9794761f70d24f865cdd05960889fa04,evt_9794761f70d24f86,Serge Ibaka,NBA,0,0,0,0.01,1.0000,3.8300,2.5200,
$500 NBA Daily 8/12,2020-08-12T22:47:46.673524,estk_9794761f70d24f8682db34a5ef5dff8e,evt_9794761f70d24f86,OG Anunoby,NBA,0,0,0,0.01,1.0000,3.0600,2.5200,
$500 NBA Daily 8/12,2020-08-12T22:47:46.673531,estk_9794761f70d24f86575ca725abf50fd3,evt_9794761f70d24f86,Alec Burks,NBA,0,0,0,0.01,1.0000,2.7600,2.5200,
$500 NBA Daily 8/12,2020-08-12T22:48:47.841000,estk_9794761f70d24f867a763361bd2f9a08,evt_9794761f70d24f86,Joel Embiid,NBA,44.3,41.97,-1,0.03,12.3200,12.9200,14.0700,3.4300
$500 NBA Daily 8/12,2020-08-12T22:48:47.841022,estk_9794761f70d24f86cd439276c8d11f5d,evt_9794761f70d24f86,Fred VanVleet,NBA,29.37,31.49,3,0.03,7.5700,6.1700,9.2200,5.9200
$500 NBA Daily 8/12,2020-08-12T22:48:47.841032,estk_9794761f70d24f867c131e7cfd4ca8ad,evt_9794761f70d24f86,Pascal Siakam,NBA,31.79,32.84,2,0.03,7.0800,7.1400,8.9800,5.4400
$500 NBA Daily 8/12,2020-08-12T22:48:47.841036,estk_9794761f70d24f86cc28fb3568e3a1d6,evt_9794761f70d24f86,Kyle Lowry,NBA,28.13,30.79,3.5,0.03,7.0300,5.6900,8.6700,5.3900
$500 NBA Daily 8/12,2020-08-12T22:48:47.841051,estk_9794761f70d24f8677c3d3d4d8ad15c5,evt_9794761f70d24f86,Tobias Harris,NBA,28.37,27.52,0,0.03,5.8600,5.8100,7.6000,4.2400
$500 NBA Daily 8/12,2020-08-12T22:48:47.841055,estk_9794761f70d24f8663a58b55849249a4,evt_9794761f70d24f86,Al Horford,NBA,28.1,28.01,0.75,0.03,5.7700,5.9000,7.5300,2.7200
$500 NBA Daily 8/12,2020-08-12T22:48:47.841070,estk_9794761f70d24f86b3147c681557a264,evt_9794761f70d24f86,Josh Richardson,NBA,25.07,25.07,0.75,0.03,4.9200,4.7300,6.4700,5.9200
$500 NBA Daily 8/12,2020-08-12T22:48:47.841098,estk_9794761f70d24f86d846b1bc06a60007,evt_9794761f70d24f86,Marc Gasol,NBA,20.64,21.52,1.5,0.03,3.7600,3.7000,5.2000,2.7200
$500 NBA Daily 8/12,2020-08-12T22:48:47.841106,estk_9794761f70d24f866de03cb5c6424ccc,evt_9794761f70d24f86,Norman Powell,NBA,19.56,18.97,0,0.03,3.5300,5.3800,5.3800,1.9600
$500 NBA Daily 8/12,2020-08-12T22:48:47.841113,estk_9794761f70d24f86a1e25447b314f889,evt_9794761f70d24f86,Shake Milton,NBA,18.45,17.9,0,0.03,3.3300,3.2900,4.7000,1.9600
$500 NBA Daily 8/12,2020-08-12T22:48:47.841125,estk_9794761f70d24f868b0372db86dba9af,evt_9794761f70d24f86,Furkan Korkmaz,NBA,17.38,16.86,0,0.03,3.1500,4.7300,4.7300,2.4200
$500 NBA Daily 8/12,2020-08-12T22:48:47.841150,estk_9794761f70d24f8689a4b98163393691,evt_9794761f70d24f86,Raul Neto,NBA,4.08,3.96,0,0.03,1.5200,2.9400,2.9400,2.7900
$500 NBA Daily 8/12,2020-08-12T22:48:47.841154,estk_9794761f70d24f8682db34a5ef5dff8e,evt_9794761f70d24f86,OG Anunoby,NBA,0,0,0,0.03,1.0000,2.5200,2.5200,
$500 NBA Daily 8/12,2020-08-12T22:48:47.841157,estk_9794761f70d24f865cdd05960889fa04,evt_9794761f70d24f86,Serge Ibaka,NBA,0,0,0,0.03,1.0000,2.5200,2.5200,
$500 NBA Daily 8/12,2020-08-12T22:48:47.841165,estk_9794761f70d24f86575ca725abf50fd3,evt_9794761f70d24f86,Alec Burks,NBA,0,0,0,0.03,1.0000,2.5200,2.5200,
$500 NBA Daily 8/12,2020-08-12T22:50:50.702227,estk_9794761f70d24f867a763361bd2f9a08,evt_9794761f70d24f86,Joel Embiid,NBA,44.3,45.33,3.25,0.05,12.9200,12.9200,13.1200,9.6600
$500 NBA Daily 8/12,2020-08-12T22:50:50.702285,estk_9794761f70d24f867c131e7cfd4ca8ad,evt_9794761f70d24f86,Pascal Siakam,NBA,31.79,32.2,2,0.05,7.2100,7.1400,8.9800,5.8900
$500 NBA Daily 8/12,2020-08-12T22:50:50.702289,estk_9794761f70d24f86cd439276c8d11f5d,evt_9794761f70d24f86,Fred VanVleet,NBA,29.37,30.9,3,0.05,6.6800,6.1700,8.7000,5.9200
$500 NBA Daily 8/12,2020-08-12T22:50:50.702297,estk_9794761f70d24f86cc28fb3568e3a1d6,evt_9794761f70d24f86,Kyle Lowry,NBA,28.13,30.22,3.5,0.05,6.5100,5.6900,8.6700,5.3900
$500 NBA Daily 8/12,2020-08-12T22:50:50.702301,estk_9794761f70d24f8663a58b55849249a4,evt_9794761f70d24f86,Al Horford,NBA,28.1,29.45,2.75,0.05,6.2000,5.9000,7.5300,4.5800
$500 NBA Daily 8/12,2020-08-12T22:50:50.702312,estk_9794761f70d24f8677c3d3d4d8ad15c5,evt_9794761f70d24f86,Tobias Harris,NBA,28.37,28.45,1.5,0.05,5.8800,5.8100,7.6000,4.2600
$500 NBA Daily 8/12,2020-08-12T22:50:50.702327,estk_9794761f70d24f86b3147c681557a264,evt_9794761f70d24f86,Josh Richardson,NBA,25.07,24.57,0.75,0.05,4.7000,4.7300,6.4700,3.4000
$500 NBA Daily 8/12,2020-08-12T22:50:50.702349,estk_9794761f70d24f86d846b1bc06a60007,evt_9794761f70d24f86,Marc Gasol,NBA,20.64,23.11,3.5,0.05,4.3600,3.7000,5.2000,2.7700
$500 NBA Daily 8/12,2020-08-12T22:50:50.702353,estk_9794761f70d24f86a1e25447b314f889,evt_9794761f70d24f86,Shake Milton,NBA,18.45,22.53,5,0.05,4.2000,3.2900,4.7800,2.6200
$500 NBA Daily 8/12,2020-08-12T22:50:50.702372,estk_9794761f70d24f866de03cb5c6424ccc,evt_9794761f70d24f86,Norman Powell,NBA,19.56,18.58,0,0.05,3.3700,5.3800,5.1000,1.9600
$500 NBA Daily 8/12,2020-08-12T22:50:50.702390,estk_9794761f70d24f868b0372db86dba9af,evt_9794761f70d24f86,Furkan Korkmaz,NBA,17.38,16.51,0,0.05,2.9400,4.7300,4.7100,1.5900
$500 NBA Daily 8/12,2020-08-12T22:50:50.702409,estk_9794761f70d24f8689a4b98163393691,evt_9794761f70d24f86,Raul Neto,NBA,4.08,3.88,0,0.05,1.5200,2.9400,2.9400,
$500 NBA Daily 8/12,2020-08-12T22:50:50.702413,estk_9794761f70d24f8682db34a5ef5dff8e,evt_9794761f70d24f86,OG Anunoby,NBA,0,0,0,0.05,1.0000,2.5200,2.5200,
$500 NBA Daily 8/12,2020-08-12T22:50:50.702416,estk_9794761f70d24f865cdd05960889fa04,evt_9794761f70d24f86,Serge Ibaka,NBA,0,0,0,0.05,1.0000,2.5200,2.5200,
$500 NBA Daily 8/12,2020-08-12T22:50:50.702425,estk_9794761f70d24f86575ca725abf50fd3,evt_9794761f70d24f86,Alec Burks,NBA,0,0,0,0.05,1.0000,2.5200,2.5200,
$500 NBA Daily 8/12,2020-08-12T22:54:55.550136,estk_9794761f70d24f867a763361bd2f9a08,evt_9794761f70d24f86,Joel Embiid,NBA,44.3,48.56,8.25,0.09,12.9000,12.9200,14.6200,11.1600
$500 NBA Daily 8/12,2020-08-12T22:54:55.550188,estk_9794761f70d24f867c131e7cfd4ca8ad,evt_9794761f70d24f86,Pascal Siakam,NBA,31.79,32.43,3.5,0.09,7.1900,7.1400,8.9800,5.8900
$500 NBA Daily 8/12,2020-08-12T22:54:55.550192,estk_9794761f70d24f86cd439276c8d11f5d,evt_9794761f70d24f86,Fred VanVleet,NBA,29.37,29.23,2.5,0.09,6.6500,6.1700,8.7000,5.4200
$500 NBA Daily 8/12,2020-08-12T22:54:55.550196,estk_9794761f70d24f86cc28fb3568e3a1d6,evt_9794761f70d24f86,Kyle Lowry,NBA,28.13,31.1,5.5,0.09,6.4700,5.6900,8.1100,5.3900
$500 NBA Daily 8/12,2020-08-12T22:54:55.550208,estk_9794761f70d24f8663a58b55849249a4,evt_9794761f70d24f86,Al Horford,NBA,28.1,30.82,5.25,0.09,6.1800,5.9000,7.5300,4.6300
$500 NBA Daily 8/12,2020-08-12T22:54:55.550216,estk_9794761f70d24f8677c3d3d4d8ad15c5,evt_9794761f70d24f86,Tobias Harris,NBA,28.37,32.32,6.5,0.09,5.8500,5.8100,7.6000,4.2600
$500 NBA Daily 8/12,2020-08-12T22:54:55.550230,estk_9794761f70d24f86b3147c681557a264,evt_9794761f70d24f86,Josh Richardson,NBA,25.07,25.56,2.75,0.09,4.6900,4.7300,6.4700,3.4000
$500 NBA Daily 8/12,2020-08-12T22:54:55.550252,estk_9794761f70d24f86d846b1bc06a60007,evt_9794761f70d24f86,Marc Gasol,NBA,20.64,21.78,3,0.09,4.3600,3.7000,5.9100,2.7700
$500 NBA Daily 8/12,2020-08-12T22:54:55.550256,estk_9794761f70d24f86a1e25447b314f889,evt_9794761f70d24f86,Shake Milton,NBA,18.45,21.79,5,0.09,4.2500,3.2900,5.7700,2.6200
$500 NBA Daily 8/12,2020-08-12T22:54:55.550281,estk_9794761f70d24f866de03cb5c6424ccc,evt_9794761f70d24f86,Norman Powell,NBA,19.56,18.55,0.75,0.09,3.3100,5.3800,4.8700,1.9600
$500 NBA Daily 8/12,2020-08-12T22:54:55.550292,estk_9794761f70d24f868b0372db86dba9af,evt_9794761f70d24f86,Furkan Korkmaz,NBA,17.38,15.82,0,0.09,2.9400,4.7300,4.5000,1.5900
$500 NBA Daily 8/12,2020-08-12T22:54:55.550311,estk_9794761f70d24f8689a4b98163393691,evt_9794761f70d24f86,Raul Neto,NBA,4.08,3.71,0,0.09,1.5400,2.9400,2.9400,
$500 NBA Daily 8/12,2020-08-12T22:54:55.550314,estk_9794761f70d24f8682db34a5ef5dff8e,evt_9794761f70d24f86,OG Anunoby,NBA,0,0,0,0.09,1.0000,2.5200,2.5200,
$500 NBA Daily 8/12,2020-08-12T22:54:55.550318,estk_9794761f70d24f865cdd05960889fa04,evt_9794761f70d24f86,Serge Ibaka,NBA,0,0,0,0.09,1.0000,2.5200,2.5200,
$500 NBA Daily 8/12,2020-08-12T22:54:55.550325,estk_9794761f70d24f86575ca725abf50fd3,evt_9794761f70d24f86,Alec Burks,NBA,0,0,0,0.09,1.0000,2.5200,2.5200,
$500 NBA Daily 8/12,2020-08-12T22:59:00.174142,estk_9794761f70d24f867a763361bd2f9a08,evt_9794761f70d24f86,Joel Embiid,NBA,44.3,47.18,7.75,0.11,14.3300,12.9200,16.0900,12.5200
$500 NBA Daily 8/12,2020-08-12T22:59:00.174194,estk_9794761f70d24f867c131e7cfd4ca8ad,evt_9794761f70d24f86,Pascal Siakam,NBA,31.79,31.29,3,0.11,7.1900,7.1400,8.9800,5.8900
$500 NBA Daily 8/12,2020-08-12T22:59:00.174198,estk_9794761f70d24f8677c3d3d4d8ad15c5,evt_9794761f70d24f86,Tobias Harris,NBA,28.37,35.75,10.5,0.11,7.0200,5.8100,8.7000,5.4600
$500 NBA Daily 8/12,2020-08-12T22:59:00.174202,estk_9794761f70d24f86cc28fb3568e3a1d6,evt_9794761f70d24f86,Kyle Lowry,NBA,28.13,30.54,5.5,0.11,6.6200,5.6900,8.1100,5.3900
$500 NBA Daily 8/12,2020-08-12T22:59:00.174207,estk_9794761f70d24f8663a58b55849249a4,evt_9794761f70d24f86,Al Horford,NBA,28.1,30.26,5.25,0.11,6.4900,5.9000,8.1300,4.8700
$500 NBA Daily 8/12,2020-08-12T22:59:00.174219,estk_9794761f70d24f86cd439276c8d11f5d,evt_9794761f70d24f86,Fred VanVleet,NBA,29.37,28.64,2.5,0.11,6.0000,6.1700,7.6300,5.0500
$500 NBA Daily 8/12,2020-08-12T22:59:00.174234,estk_9794761f70d24f86b3147c681557a264,evt_9794761f70d24f86,Josh Richardson,NBA,25.07,27.06,4.75,0.11,4.8400,4.7300,6.4700,3.4000
$500 NBA Daily 8/12,2020-08-12T22:59:00.174263,estk_9794761f70d24f86a1e25447b314f889,evt_9794761f70d24f86,Shake Milton,NBA,18.45,21.42,5,0.11,3.9500,3.2900,5.7700,2.6200
$500 NBA Daily 8/12,2020-08-12T22:59:00.174267,estk_9794761f70d24f86d846b1bc06a60007,evt_9794761f70d24f86,Marc Gasol,NBA,20.64,23.37,5,0.11,3.8800,3.7000,5.9100,2.7700
$500 NBA Daily 8/12,2020-08-12T22:59:00.174288,estk_9794761f70d24f866de03cb5c6424ccc,evt_9794761f70d24f86,Norman Powell,NBA,19.56,17.66,0.25,0.11,3.2300,4.8700,4.7900,1.9600
$500 NBA Daily 8/12,2020-08-12T22:59:00.174307,estk_9794761f70d24f868b0372db86dba9af,evt_9794761f70d24f86,Furkan Korkmaz,NBA,17.38,15.47,0,0.11,2.7500,4.7300,4.2900,1.5900
$500 NBA Daily 8/12,2020-08-12T22:59:00.174318,estk_9794761f70d24f8689a4b98163393691,evt_9794761f70d24f86,Raul Neto,NBA,4.08,3.63,0,0.11,1.4700,2.9400,2.9400,
$500 NBA Daily 8/12,2020-08-12T22:59:00.174322,estk_9794761f70d24f8682db34a5ef5dff8e,evt_9794761f70d24f86,OG Anunoby,NBA,0,0,0,0.11,1.0000,2.5200,2.5200,
$500 NBA Daily 8/12,2020-08-12T22:59:00.174325,estk_9794761f70d24f865cdd05960889fa04,evt_9794761f70d24f86,Serge Ibaka,NBA,0,0,0,0.11,1.0000,2.5200,2.5200,
$500 NBA Daily 8/12,2020-08-12T22:59:00.174333,estk_9794761f70d24f86575ca725abf50fd3,evt_9794761f70d24f86,Alec Burks,NBA,0,0,0,0.11,1.0000,2.5200,2.5200,
$500 NBA Daily 8/12,2020-08-12T23:02:03.817813,estk_9794761f70d24f867a763361bd2f9a08,evt_9794761f70d24f86,Joel Embiid,NBA,44.3,50.98,12,0.12,13.6300,12.9200,15.4700,12.5200
$500 NBA Daily 8/12,2020-08-12T23:02:03.817858,estk_9794761f70d24f8677c3d3d4d8ad15c5,evt_9794761f70d24f86,Tobias Harris,NBA,28.37,33.47,8.5,0.12,8.4000,5.8100,10.0300,6.6900
$500 NBA Daily 8/12,2020-08-12T23:02:03.817870,estk_9794761f70d24f867c131e7cfd4ca8ad,evt_9794761f70d24f86,Pascal Siakam,NBA,31.79,30.98,3,0.12,6.6500,7.1400,8.3200,5.5700
$500 NBA Daily 8/12,2020-08-12T23:02:03.817878,estk_9794761f70d24f86cc28fb3568e3a1d6,evt_9794761f70d24f86,Kyle Lowry,NBA,28.13,30.25,5.5,0.12,6.4300,5.6900,8.1100,5.3900
$500 NBA Daily 8/12,2020-08-12T23:02:03.817882,estk_9794761f70d24f8663a58b55849249a4,evt_9794761f70d24f86,Al Horford,NBA,28.1,29.98,5.25,0.12,6.2700,5.9000,8.1300,4.8700
$500 NBA Daily 8/12,2020-08-12T23:02:03.817894,estk_9794761f70d24f86cd439276c8d11f5d,evt_9794761f70d24f86,Fred VanVleet,NBA,29.37,27.85,2,0.12,5.7300,6.1700,7.6300,4.3900
$500 NBA Daily 8/12,2020-08-12T23:02:03.817901,estk_9794761f70d24f86b3147c681557a264,evt_9794761f70d24f86,Josh Richardson,NBA,25.07,27.81,5.75,0.12,5.2800,4.7300,6.4700,3.4000
$500 NBA Daily 8/12,2020-08-12T23:02:03.817929,estk_9794761f70d24f86d846b1bc06a60007,evt_9794761f70d24f86,Marc Gasol,NBA,20.64,23.16,5,0.12,4.2300,3.7000,5.9100,2.7700
$500 NBA Daily 8/12,2020-08-12T23:02:03.817944,estk_9794761f70d24f86a1e25447b314f889,evt_9794761f70d24f86,Shake Milton,NBA,18.45,21.24,5,0.12,3.7900,3.2900,5.7700,2.6200
$500 NBA Daily 8/12,2020-08-12T23:02:03.817966,estk_9794761f70d24f866de03cb5c6424ccc,evt_9794761f70d24f86,Norman Powell,NBA,19.56,17.46,0.25,0.12,3.0600,4.8700,4.7900,1.9600
$500 NBA Daily 8/12,2020-08-12T23:02:03.817980,estk_9794761f70d24f868b0372db86dba9af,evt_9794761f70d24f86,Furkan Korkmaz,NBA,17.38,15.29,0,0.12,2.6800,4.7300,4.1900,1.5900
$500 NBA Daily 8/12,2020-08-12T23:02:03.817987,estk_9794761f70d24f8689a4b98163393691,evt_9794761f70d24f86,Raul Neto,NBA,4.08,3.59,0,0.12,1.4500,2.9400,2.9400,
$500 NBA Daily 8/12,2020-08-12T23:02:03.817991,estk_9794761f70d24f8682db34a5ef5dff8e,evt_9794761f70d24f86,OG Anunoby,NBA,0,0,0,0.12,1.0000,2.5200,2.5200,
$500 NBA Daily 8/12,2020-08-12T23:02:03.817995,estk_9794761f70d24f865cdd05960889fa04,evt_9794761f70d24f86,Serge Ibaka,NBA,0,0,0,0.12,1.0000,2.5200,2.5200,
$500 NBA Daily 8/12,2020-08-12T23:02:03.818002,estk_9794761f70d24f86575ca725abf50fd3,evt_9794761f70d24f86,Alec Burks,NBA,0,0,0,0.12,1.0000,2.5200,2.5200,
$500 NBA Daily 8/12,2020-08-12T23:04:06.021948,estk_9794761f70d24f867a763361bd2f9a08,evt_9794761f70d24f86,Joel Embiid,NBA,44.3,49.65,12,0.15,14.9900,12.9200,17.3200,13.7000
$500 NBA Daily 8/12,2020-08-12T23:04:06.022007,estk_9794761f70d24f8677c3d3d4d8ad15c5,evt_9794761f70d24f86,Tobias Harris,NBA,28.37,32.61,8.5,0.15,7.1100,5.8100,9.0400,5.7400
$500 NBA Daily 8/12,2020-08-12T23:04:06.022011,estk_9794761f70d24f867c131e7cfd4ca8ad,evt_9794761f70d24f86,Pascal Siakam,NBA,31.79,31.77,4.75,0.15,6.7200,7.1400,8.3200,5.5700
$500 NBA Daily 8/12,2020-08-12T23:04:06.022019,estk_9794761f70d24f8663a58b55849249a4,evt_9794761f70d24f86,Al Horford,NBA,28.1,30.14,6.25,0.15,6.1500,5.9000,8.1300,4.8700
$500 NBA Daily 8/12,2020-08-12T23:04:06.022027,estk_9794761f70d24f86cc28fb3568e3a1d6,evt_9794761f70d24f86,Kyle Lowry,NBA,28.13,29.41,5.5,0.15,5.9100,5.6900,8.1100,5.2100
$500 NBA Daily 8/12,2020-08-12T23:04:06.022034,estk_9794761f70d24f86b3147c681557a264,evt_9794761f70d24f86,Josh Richardson,NBA,25.07,28.81,7.5,0.15,5.7200,7.1400,7.1400,3.9200
$500 NBA Daily 8/12,2020-08-12T23:04:06.022042,estk_9794761f70d24f86cd439276c8d11f5d,evt_9794761f70d24f86,Fred VanVleet,NBA,29.37,28.46,3.5,0.15,5.6100,6.1700,7.0700,4.3900
$500 NBA Daily 8/12,2020-08-12T23:04:06.022065,estk_9794761f70d24f86a1e25447b314f889,evt_9794761f70d24f86,Shake Milton,NBA,18.45,24.18,8.5,0.15,4.3800,3.2900,5.2600,2.6200
$500 NBA Daily 8/12,2020-08-12T23:04:06.022076,estk_9794761f70d24f86d846b1bc06a60007,evt_9794761f70d24f86,Marc Gasol,NBA,20.64,22.54,5,0.15,3.9600,3.7000,5.9100,2.7700
$500 NBA Daily 8/12,2020-08-12T23:04:06.022092,estk_9794761f70d24f866de03cb5c6424ccc,evt_9794761f70d24f86,Norman Powell,NBA,19.56,20.38,3.75,0.15,3.4700,4.5400,4.5400,1.9600
$500 NBA Daily 8/12,2020-08-12T23:04:06.022124,estk_9794761f70d24f868b0372db86dba9af,evt_9794761f70d24f86,Furkan Korkmaz,NBA,17.38,16.02,1.25,0.15,2.7000,4.1900,4.1600,1.5900
$500 NBA Daily 8/12,2020-08-12T23:04:06.022132,estk_9794761f70d24f8689a4b98163393691,evt_9794761f70d24f86,Raul Neto,NBA,4.08,3.47,0,0.15,1.4000,2.9400,2.9400,
$500 NBA Daily 8/12,2020-08-12T23:04:06.022135,estk_9794761f70d24f8682db34a5ef5dff8e,evt_9794761f70d24f86,OG Anunoby,NBA,0,0,0,0.15,1.0000,2.5200,2.5200,
$500 NBA Daily 8/12,2020-08-12T23:04:06.022139,estk_9794761f70d24f865cdd05960889fa04,evt_9794761f70d24f86,Serge Ibaka,NBA,0,0,0,0.15,1.0000,2.5200,2.5200,
$500 NBA Daily 8/12,2020-08-12T23:04:06.022147,estk_9794761f70d24f86575ca725abf50fd3,evt_9794761f70d24f86,Alec Burks,NBA,0,0,0,0.15,1.0000,2.5200,2.5200,
$500 NBA Daily 8/12,2020-08-12T23:05:07.204500,estk_9794761f70d24f867a763361bd2f9a08,evt_9794761f70d24f86,Joel Embiid,NBA,44.3,48.77,12,0.17,14.9900,12.9200,16.7900,13.7000
$500 NBA Daily 8/12,2020-08-12T23:05:07.204554,estk_9794761f70d24f8677c3d3d4d8ad15c5,evt_9794761f70d24f86,Tobias Harris,NBA,28.37,32.05,8.5,0.17,7.1100,5.8100,9.0400,5.7400
$500 NBA Daily 8/12,2020-08-12T23:05:07.204558,estk_9794761f70d24f867c131e7cfd4ca8ad,evt_9794761f70d24f86,Pascal Siakam,NBA,31.79,31.14,4.75,0.17,6.7200,7.1400,8.3200,5.5700
$500 NBA Daily 8/12,2020-08-12T23:05:07.204567,estk_9794761f70d24f8663a58b55849249a4,evt_9794761f70d24f86,Al Horford,NBA,28.1,32.32,9,0.17,6.1500,5.9000,8.1300,4.8700
$500 NBA Daily 8/12,2020-08-12T23:05:07.204574,estk_9794761f70d24f86cc28fb3568e3a1d6,evt_9794761f70d24f86,Kyle Lowry,NBA,28.13,28.85,5.5,0.17,5.9100,5.6900,7.5300,5.0200
$500 NBA Daily 8/12,2020-08-12T23:05:07.204582,estk_9794761f70d24f86b3147c681557a264,evt_9794761f70d24f86,Josh Richardson,NBA,25.07,28.31,7.5,0.17,5.7200,7.1400,7.1400,3.9200
$500 NBA Daily 8/12,2020-08-12T23:05:07.204590,estk_9794761f70d24f86cd439276c8d11f5d,evt_9794761f70d24f86,Fred VanVleet,NBA,29.37,27.88,3.5,0.17,5.6100,6.1700,7.0700,4.3900
$500 NBA Daily 8/12,2020-08-12T23:05:07.204613,estk_9794761f70d24f86a1e25447b314f889,evt_9794761f70d24f86,Shake Milton,NBA,18.45,23.31,8,0.17,4.3800,3.2900,5.9700,2.7900
$500 NBA Daily 8/12,2020-08-12T23:05:07.204663,estk_9794761f70d24f86d846b1bc06a60007,evt_9794761f70d24f86,Marc Gasol,NBA,20.64,22.13,5,0.17,3.9600,3.7000,5.9100,2.7700
$500 NBA Daily 8/12,2020-08-12T23:05:07.204679,estk_9794761f70d24f866de03cb5c6424ccc,evt_9794761f70d24f86,Norman Powell,NBA,19.56,19.98,3.75,0.17,3.4700,4.5400,4.5400,1.9600
$500 NBA Daily 8/12,2020-08-12T23:05:07.204711,estk_9794761f70d24f868b0372db86dba9af,evt_9794761f70d24f86,Furkan Korkmaz,NBA,17.38,19.18,4.75,0.17,2.7000,4.1900,4.1600,1.5900
$500 NBA Daily 8/12,2020-08-12T23:05:07.204719,estk_9794761f70d24f8689a4b98163393691,evt_9794761f70d24f86,Raul Neto,NBA,4.08,3.39,0,0.17,1.4000,2.9400,2.9400,
$500 NBA Daily 8/12,2020-08-12T23:05:07.204723,estk_9794761f70d24f8682db34a5ef5dff8e,evt_9794761f70d24f86,OG Anunoby,NBA,0,0,0,0.17,1.0000,2.5200,2.5200,
$500 NBA Daily 8/12,2020-08-12T23:05:07.204727,estk_9794761f70d24f865cdd05960889fa04,evt_9794761f70d24f86,Serge Ibaka,NBA,0,0,0,0.17,1.0000,2.5200,2.5200,
$500 NBA Daily 8/12,2020-08-12T23:05:07.204735,estk_9794761f70d24f86575ca725abf50fd3,evt_9794761f70d24f86,Alec Burks,NBA,0,0,0,0.17,1.0000,2.5200,2.5200,
$500 NBA Daily 8/12,2020-08-12T23:06:38.797866,estk_9794761f70d24f867a763361bd2f9a08,evt_9794761f70d24f86,Joel Embiid,NBA,44.3,48.33,12,0.18,14.5000,12.9200,16.2900,13.1900
$500 NBA Daily 8/12,2020-08-12T23:06:38.797917,estk_9794761f70d24f8663a58b55849249a4,evt_9794761f70d24f86,Al Horford,NBA,28.1,32.04,9,0.18,6.9300,5.9000,8.1300,5.2900
$500 NBA Daily 8/12,2020-08-12T23:06:38.797921,estk_9794761f70d24f8677c3d3d4d8ad15c5,evt_9794761f70d24f86,Tobias Harris,NBA,28.37,31.76,8.5,0.18,6.8400,5.8100,8.4800,5.7400
$500 NBA Daily 8/12,2020-08-12T23:06:38.797925,estk_9794761f70d24f867c131e7cfd4ca8ad,evt_9794761f70d24f86,Pascal Siakam,NBA,31.79,30.82,4.75,0.18,6.4800,7.1400,8.3200,5.5700
$500 NBA Daily 8/12,2020-08-12T23:06:38.797940,estk_9794761f70d24f86cc28fb3568e3a1d6,evt_9794761f70d24f86,Kyle Lowry,NBA,28.13,28.57,5.5,0.18,5.7200,5.6900,7.5300,4.8500
$500 NBA Daily 8/12,2020-08-12T23:06:38.797948,estk_9794761f70d24f86b3147c681557a264,evt_9794761f70d24f86,Josh Richardson,NBA,25.07,28.06,7.5,0.18,5.5700,7.1400,7.1400,3.9700
$500 NBA Daily 8/12,2020-08-12T23:06:38.797952,estk_9794761f70d24f86cd439276c8d11f5d,evt_9794761f70d24f86,Fred VanVleet,NBA,29.37,27.58,3.5,0.18,5.4200,6.1700,7.0700,4.3900
$500 NBA Daily 8/12,2020-08-12T23:06:38.797981,estk_9794761f70d24f86a1e25447b314f889,evt_9794761f70d24f86,Shake Milton,NBA,18.45,23.13,8,0.18,4.1100,3.2900,5.9700,2.7900
$500 NBA Daily 8/12,2020-08-12T23:06:38.797996,estk_9794761f70d24f86d846b1bc06a60007,evt_9794761f70d24f86,Marc Gasol,NBA,20.64,21.92,5,0.18,3.8000,3.7000,5.3800,2.7700
$500 NBA Daily 8/12,2020-08-12T23:06:38.798003,estk_9794761f70d24f866de03cb5c6424ccc,evt_9794761f70d24f86,Norman Powell,NBA,19.56,19.79,3.75,0.18,3.3500,4.5400,4.5400,1.9600
$500 NBA Daily 8/12,2020-08-12T23:06:38.798014,estk_9794761f70d24f868b0372db86dba9af,evt_9794761f70d24f86,Furkan Korkmaz,NBA,17.38,19,4.75,0.18,3.1900,4.1900,4.2900,1.6100
$500 NBA Daily 8/12,2020-08-12T23:06:38.798040,estk_9794761f70d24f8689a4b98163393691,evt_9794761f70d24f86,Raul Neto,NBA,4.08,3.35,0,0.18,1.3800,2.9400,2.9400,
$500 NBA Daily 8/12,2020-08-12T23:06:38.798043,estk_9794761f70d24f8682db34a5ef5dff8e,evt_9794761f70d24f86,OG Anunoby,NBA,0,0,0,0.18,1.0000,2.5200,2.5200,
$500 NBA Daily 8/12,2020-08-12T23:06:38.798047,estk_9794761f70d24f865cdd05960889fa04,evt_9794761f70d24f86,Serge Ibaka,NBA,0,0,0,0.18,1.0000,2.5200,2.5200,
$500 NBA Daily 8/12,2020-08-12T23:06:38.798055,estk_9794761f70d24f86575ca725abf50fd3,evt_9794761f70d24f86,Alec Burks,NBA,0,0,0,0.18,1.0000,2.5200,2.5200,
$500 NBA Daily 8/12,2020-08-12T23:07:39.901854,estk_9794761f70d24f867a763361bd2f9a08,evt_9794761f70d24f86,Joel Embiid,NBA,44.3,47.88,12,0.19,14.4400,12.9200,16.2900,13.1900
$500 NBA Daily 8/12,2020-08-12T23:07:39.901905,estk_9794761f70d24f8663a58b55849249a4,evt_9794761f70d24f86,Al Horford,NBA,28.1,34.51,11.75,0.19,7.2900,5.9000,8.9400,5.2900
$500 NBA Daily 8/12,2020-08-12T23:07:39.901909,estk_9794761f70d24f867c131e7cfd4ca8ad,evt_9794761f70d24f86,Pascal Siakam,NBA,31.79,31.25,5.5,0.19,6.8400,7.1400,8.3200,5.5700
$500 NBA Daily 8/12,2020-08-12T23:07:39.901913,estk_9794761f70d24f8677c3d3d4d8ad15c5,evt_9794761f70d24f86,Tobias Harris,NBA,28.37,35.23,12.25,0.19,6.7800,5.8100,8.4800,5.7400
$500 NBA Daily 8/12,2020-08-12T23:07:39.901935,estk_9794761f70d24f86cc28fb3568e3a1d6,evt_9794761f70d24f86,Kyle Lowry,NBA,28.13,28.29,5.5,0.19,5.5800,5.6900,7.5300,4.6100
$500 NBA Daily 8/12,2020-08-12T23:07:39.901940,estk_9794761f70d24f86b3147c681557a264,evt_9794761f70d24f86,Josh Richardson,NBA,25.07,27.31,7,0.19,5.3300,7.1400,7.1400,3.9700
$500 NBA Daily 8/12,2020-08-12T23:07:39.901944,estk_9794761f70d24f86cd439276c8d11f5d,evt_9794761f70d24f86,Fred VanVleet,NBA,29.37,27.29,3.5,0.19,5.3000,6.1700,7.0700,4.3900
$500 NBA Daily 8/12,2020-08-12T23:07:39.901973,estk_9794761f70d24f86a1e25447b314f889,evt_9794761f70d24f86,Shake Milton,NBA,18.45,22.94,8,0.19,4.0600,3.2900,5.9700,2.7900
$500 NBA Daily 8/12,2020-08-12T23:07:39.901988,estk_9794761f70d24f86d846b1bc06a60007,evt_9794761f70d24f86,Marc Gasol,NBA,20.64,21.72,5,0.19,3.7600,3.7000,5.3800,2.7700
$500 NBA Daily 8/12,2020-08-12T23:07:39.901999,estk_9794761f70d24f866de03cb5c6424ccc,evt_9794761f70d24f86,Norman Powell,NBA,19.56,19.59,3.75,0.19,3.2900,4.5400,4.5400,1.9600
$500 NBA Daily 8/12,2020-08-12T23:07:39.902006,estk_9794761f70d24f868b0372db86dba9af,evt_9794761f70d24f86,Furkan Korkmaz,NBA,17.38,18.83,4.75,0.19,3.1800,4.1900,4.2900,1.6100
$500 NBA Daily 8/12,2020-08-12T23:07:39.902032,estk_9794761f70d24f8689a4b98163393691,evt_9794761f70d24f86,Raul Neto,NBA,4.08,3.3,0,0.19,1.3700,2.9400,2.9400,
$500 NBA Daily 8/12,2020-08-12T23:07:39.902036,estk_9794761f70d24f8682db34a5ef5dff8e,evt_9794761f70d24f86,OG Anunoby,NBA,0,0,0,0.19,1.0000,2.5200,2.5200,
$500 NBA Daily 8/12,2020-08-12T23:07:39.902039,estk_9794761f70d24f865cdd05960889fa04,evt_9794761f70d24f86,Serge Ibaka,NBA,0,0,0,0.19,1.0000,2.5200,2.5200,
$500 NBA Daily 8/12,2020-08-12T23:07:39.902047,estk_9794761f70d24f86575ca725abf50fd3,evt_9794761f70d24f86,Alec Burks,NBA,0,0,0,0.19,1.0000,2.5200,2.5200,
$500 NBA Daily 8/12,2020-08-12T23:11:44.125629,estk_9794761f70d24f867a763361bd2f9a08,evt_9794761f70d24f86,Joel Embiid,NBA,44.3,49.44,14,0.2,14.1500,12.9200,16.2900,12.3100
$500 NBA Daily 8/12,2020-08-12T23:11:44.125672,estk_9794761f70d24f8677c3d3d4d8ad15c5,evt_9794761f70d24f86,Tobias Harris,NBA,28.37,34.95,12.25,0.2,7.9800,9.6900,9.6900,6.3700
$500 NBA Daily 8/12,2020-08-12T23:11:44.125677,estk_9794761f70d24f8663a58b55849249a4,evt_9794761f70d24f86,Al Horford,NBA,28.1,34.23,11.75,0.2,7.7800,8.9400,9.4300,6.1100
$500 NBA Daily 8/12,2020-08-12T23:11:44.125688,estk_9794761f70d24f867c131e7cfd4ca8ad,evt_9794761f70d24f86,Pascal Siakam,NBA,31.79,30.93,5.5,0.2,6.4800,7.1400,8.3200,5.4900
$500 NBA Daily 8/12,2020-08-12T23:11:44.125707,estk_9794761f70d24f86cc28fb3568e3a1d6,evt_9794761f70d24f86,Kyle Lowry,NBA,28.13,28,5.5,0.2,5.5200,5.6900,7.5300,4.6100
$500 NBA Daily 8/12,2020-08-12T23:11:44.125711,estk_9794761f70d24f86cd439276c8d11f5d,evt_9794761f70d24f86,Fred VanVleet,NBA,29.37,27,3.5,0.2,5.2300,7.0700,6.8100,4.0000
$500 NBA Daily 8/12,2020-08-12T23:11:44.125715,estk_9794761f70d24f86b3147c681557a264,evt_9794761f70d24f86,Josh Richardson,NBA,25.07,27.06,7,0.2,5.2100,7.1400,7.1400,3.9700
$500 NBA Daily 8/12,2020-08-12T23:11:44.125745,estk_9794761f70d24f86a1e25447b314f889,evt_9794761f70d24f86,Shake Milton,NBA,18.45,22.76,8,0.2,3.9900,3.2900,5.9700,2.7900
$500 NBA Daily 8/12,2020-08-12T23:11:44.125760,estk_9794761f70d24f86d846b1bc06a60007,evt_9794761f70d24f86,Marc Gasol,NBA,20.64,25.01,8.5,0.2,3.7100,5.3800,5.2700,2.7700
$500 NBA Daily 8/12,2020-08-12T23:11:44.125771,estk_9794761f70d24f866de03cb5c6424ccc,evt_9794761f70d24f86,Norman Powell,NBA,19.56,20.9,5.25,0.2,3.2500,4.5400,4.7500,1.9600
$500 NBA Daily 8/12,2020-08-12T23:11:44.125785,estk_9794761f70d24f868b0372db86dba9af,evt_9794761f70d24f86,Furkan Korkmaz,NBA,17.38,20.15,6.25,0.2,3.0500,4.2900,4.2900,1.6100
$500 NBA Daily 8/12,2020-08-12T23:11:44.125804,estk_9794761f70d24f8689a4b98163393691,evt_9794761f70d24f86,Raul Neto,NBA,4.08,3.26,0,0.2,1.3500,2.9400,2.8800,
$500 NBA Daily 8/12,2020-08-12T23:11:44.125807,estk_9794761f70d24f8682db34a5ef5dff8e,evt_9794761f70d24f86,OG Anunoby,NBA,0,0,0,0.2,1.0000,2.5200,2.5200,
$500 NBA Daily 8/12,2020-08-12T23:11:44.125811,estk_9794761f70d24f865cdd05960889fa04,evt_9794761f70d24f86,Serge Ibaka,NBA,0,0,0,0.2,1.0000,2.5200,2.5200,
$500 NBA Daily 8/12,2020-08-12T23:11:44.125819,estk_9794761f70d24f86575ca725abf50fd3,evt_9794761f70d24f86,Alec Burks,NBA,0,0,0,0.2,1.0000,2.5200,2.5200,
$500 NBA Daily 8/12,2020-08-12T23:12:45.190713,estk_9794761f70d24f867a763361bd2f9a08,evt_9794761f70d24f86,Joel Embiid,NBA,44.3,48.55,14,0.22,14.9100,12.9200,16.2900,13.1100
$500 NBA Daily 8/12,2020-08-12T23:12:45.190756,estk_9794761f70d24f8677c3d3d4d8ad15c5,evt_9794761f70d24f86,Tobias Harris,NBA,28.37,34.38,12.25,0.22,7.8900,9.6900,9.6900,6.3700
$500 NBA Daily 8/12,2020-08-12T23:12:45.190760,estk_9794761f70d24f8663a58b55849249a4,evt_9794761f70d24f86,Al Horford,NBA,28.1,33.67,11.75,0.22,7.6700,9.4300,9.4600,6.1100
$500 NBA Daily 8/12,2020-08-12T23:12:45.190776,estk_9794761f70d24f867c131e7cfd4ca8ad,evt_9794761f70d24f86,Pascal Siakam,NBA,31.79,30.3,5.5,0.22,6.2600,7.1400,8.3200,5.0900
$500 NBA Daily 8/12,2020-08-12T23:12:45.190791,estk_9794761f70d24f86cc28fb3568e3a1d6,evt_9794761f70d24f86,Kyle Lowry,NBA,28.13,27.44,5.5,0.22,5.3700,5.6900,6.9800,4.2900
$500 NBA Daily 8/12,2020-08-12T23:12:45.190795,estk_9794761f70d24f86cd439276c8d11f5d,evt_9794761f70d24f86,Fred VanVleet,NBA,29.37,26.41,3.5,0.22,5.0700,6.8100,7.0700,4.0000
$500 NBA Daily 8/12,2020-08-12T23:12:45.190798,estk_9794761f70d24f86b3147c681557a264,evt_9794761f70d24f86,Josh Richardson,NBA,25.07,26.55,7,0.22,5.0700,7.1400,7.1400,3.9700
$500 NBA Daily 8/12,2020-08-12T23:12:45.190817,estk_9794761f70d24f86d846b1bc06a60007,evt_9794761f70d24f86,Marc Gasol,NBA,20.64,24.6,8.5,0.22,4.4300,5.3800,6.0200,2.8400
$500 NBA Daily 8/12,2020-08-12T23:12:45.190835,estk_9794761f70d24f86a1e25447b314f889,evt_9794761f70d24f86,Shake Milton,NBA,18.45,22.39,8,0.22,3.8600,3.2900,5.4400,2.7900
$500 NBA Daily 8/12,2020-08-12T23:12:45.190846,estk_9794761f70d24f866de03cb5c6424ccc,evt_9794761f70d24f86,Norman Powell,NBA,19.56,20.51,5.25,0.22,3.4500,4.7500,4.7900,1.9600
$500 NBA Daily 8/12,2020-08-12T23:12:45.190853,estk_9794761f70d24f868b0372db86dba9af,evt_9794761f70d24f86,Furkan Korkmaz,NBA,17.38,19.81,6.25,0.22,3.2900,4.2900,4.5000,1.6100
$500 NBA Daily 8/12,2020-08-12T23:12:45.190885,estk_9794761f70d24f8689a4b98163393691,evt_9794761f70d24f86,Raul Neto,NBA,4.08,6.43,3.25,0.22,1.3300,2.9400,2.8800,
$500 NBA Daily 8/12,2020-08-12T23:12:45.190889,estk_9794761f70d24f8682db34a5ef5dff8e,evt_9794761f70d24f86,OG Anunoby,NBA,0,0,0,0.22,1.0000,2.5200,2.5200,
$500 NBA Daily 8/12,2020-08-12T23:12:45.190893,estk_9794761f70d24f865cdd05960889fa04,evt_9794761f70d24f86,Serge Ibaka,NBA,0,0,0,0.22,1.0000,2.5200,2.5200,
$500 NBA Daily 8/12,2020-08-12T23:12:45.190901,estk_9794761f70d24f86575ca725abf50fd3,evt_9794761f70d24f86,Alec Burks,NBA,0,0,0,0.22,1.0000,2.5200,2.5200,
$500 NBA Daily 8/12,2020-08-12T23:14:47.381740,estk_9794761f70d24f867a763361bd2f9a08,evt_9794761f70d24f86,Joel Embiid,NBA,44.3,47.61,13.5,0.23,14.6000,12.9200,16.2900,13.1100
$500 NBA Daily 8/12,2020-08-12T23:14:47.381786,estk_9794761f70d24f8677c3d3d4d8ad15c5,evt_9794761f70d24f86,Tobias Harris,NBA,28.37,34.09,12.25,0.23,7.7400,9.6900,9.6900,6.3700
$500 NBA Daily 8/12,2020-08-12T23:14:47.381794,estk_9794761f70d24f8663a58b55849249a4,evt_9794761f70d24f86,Al Horford,NBA,28.1,33.39,11.75,0.23,7.4200,9.4300,9.3200,6.1100
$500 NBA Daily 8/12,2020-08-12T23:14:47.381806,estk_9794761f70d24f867c131e7cfd4ca8ad,evt_9794761f70d24f86,Pascal Siakam,NBA,31.79,29.98,5.5,0.23,6.0800,7.1400,7.7700,5.0900
$500 NBA Daily 8/12,2020-08-12T23:14:47.381821,estk_9794761f70d24f86cc28fb3568e3a1d6,evt_9794761f70d24f86,Kyle Lowry,NBA,28.13,27.16,5.5,0.23,5.2300,5.6900,6.9800,4.2900
$500 NBA Daily 8/12,2020-08-12T23:14:47.381829,estk_9794761f70d24f86b3147c681557a264,evt_9794761f70d24f86,Josh Richardson,NBA,25.07,26.3,7,0.23,4.9100,7.1400,6.5000,3.9700
$500 NBA Daily 8/12,2020-08-12T23:14:47.381836,estk_9794761f70d24f86cd439276c8d11f5d,evt_9794761f70d24f86,Fred VanVleet,NBA,29.37,26.11,3.5,0.23,4.8800,6.8100,6.5100,4.0000
$500 NBA Daily 8/12,2020-08-12T23:14:47.381855,estk_9794761f70d24f86d846b1bc06a60007,evt_9794761f70d24f86,Marc Gasol,NBA,20.64,25.14,9.25,0.23,4.3600,5.3800,6.0200,2.8400
$500 NBA Daily 8/12,2020-08-12T23:14:47.381873,estk_9794761f70d24f86a1e25447b314f889,evt_9794761f70d24f86,Shake Milton,NBA,18.45,22.21,8,0.23,3.8000,3.2900,5.4400,2.7900
$500 NBA Daily 8/12,2020-08-12T23:14:47.381880,estk_9794761f70d24f866de03cb5c6424ccc,evt_9794761f70d24f86,Norman Powell,NBA,19.56,21.31,6.25,0.23,3.3400,4.7500,4.7900,1.9600
$500 NBA Daily 8/12,2020-08-12T23:14:47.381891,estk_9794761f70d24f868b0372db86dba9af,evt_9794761f70d24f86,Furkan Korkmaz,NBA,17.38,19.13,5.75,0.23,3.2100,4.2900,4.5000,1.6100
$500 NBA Daily 8/12,2020-08-12T23:14:47.381916,estk_9794761f70d24f8689a4b98163393691,evt_9794761f70d24f86,Raul Neto,NBA,4.08,5.89,2.75,0.23,1.5000,2.9400,2.8800,
$500 NBA Daily 8/12,2020-08-12T23:14:47.381919,estk_9794761f70d24f8682db34a5ef5dff8e,evt_9794761f70d24f86,OG Anunoby,NBA,0,0,0,0.23,1.0000,2.5200,2.5200,
$500 NBA Daily 8/12,2020-08-12T23:14:47.381923,estk_9794761f70d24f865cdd05960889fa04,evt_9794761f70d24f86,Serge Ibaka,NBA,0,0,0,0.23,1.0000,2.5200,2.5200,
$500 NBA Daily 8/12,2020-08-12T23:14:47.381931,estk_9794761f70d24f86575ca725abf50fd3,evt_9794761f70d24f86,Alec Burks,NBA,0,0,0,0.23,1.0000,2.5200,2.5200,
$500 NBA Daily 8/12,2020-08-12T23:15:48.374010,estk_9794761f70d24f867a763361bd2f9a08,evt_9794761f70d24f86,Joel Embiid,NBA,44.3,46.22,13,0.25,14.6000,12.9200,16.2900,13.1100
$500 NBA Daily 8/12,2020-08-12T23:15:48.374055,estk_9794761f70d24f8677c3d3d4d8ad15c5,evt_9794761f70d24f86,Tobias Harris,NBA,28.37,33.53,12.25,0.25,7.7400,9.6900,9.6900,6.3700
$500 NBA Daily 8/12,2020-08-12T23:15:48.374063,estk_9794761f70d24f8663a58b55849249a4,evt_9794761f70d24f86,Al Horford,NBA,28.1,32.83,11.75,0.25,7.4200,9.4300,9.3200,6.1100
$500 NBA Daily 8/12,2020-08-12T23:15:48.374075,estk_9794761f70d24f867c131e7cfd4ca8ad,evt_9794761f70d24f86,Pascal Siakam,NBA,31.79,29.34,5.5,0.25,6.0800,7.1400,7.7700,5.0900
$500 NBA Daily 8/12,2020-08-12T23:15:48.374090,estk_9794761f70d24f86cc28fb3568e3a1d6,evt_9794761f70d24f86,Kyle Lowry,NBA,28.13,26.6,5.5,0.25,5.2300,5.6900,6.9800,4.2900
$500 NBA Daily 8/12,2020-08-12T23:15:48.374097,estk_9794761f70d24f86b3147c681557a264,evt_9794761f70d24f86,Josh Richardson,NBA,25.07,25.8,7,0.25,4.9100,7.1400,6.5000,3.9700
$500 NBA Daily 8/12,2020-08-12T23:15:48.374105,estk_9794761f70d24f86cd439276c8d11f5d,evt_9794761f70d24f86,Fred VanVleet,NBA,29.37,25.53,3.5,0.25,4.8800,6.8100,6.5100,4.0000
$500 NBA Daily 8/12,2020-08-12T23:15:48.374124,estk_9794761f70d24f86d846b1bc06a60007,evt_9794761f70d24f86,Marc Gasol,NBA,20.64,28.23,12.75,0.25,4.3600,5.3800,6.0200,2.8400
$500 NBA Daily 8/12,2020-08-12T23:15:48.374142,estk_9794761f70d24f86a1e25447b314f889,evt_9794761f70d24f86,Shake Milton,NBA,18.45,21.84,8,0.25,3.8000,3.2900,5.4400,2.7900
$500 NBA Daily 8/12,2020-08-12T23:15:48.374150,estk_9794761f70d24f866de03cb5c6424ccc,evt_9794761f70d24f86,Norman Powell,NBA,19.56,21.92,7.25,0.25,3.3400,4.7500,4.7900,1.9600
$500 NBA Daily 8/12,2020-08-12T23:15:48.374161,estk_9794761f70d24f868b0372db86dba9af,evt_9794761f70d24f86,Furkan Korkmaz,NBA,17.38,18.79,5.75,0.25,3.2100,4.2900,4.5000,1.6100
$500 NBA Daily 8/12,2020-08-12T23:15:48.374186,estk_9794761f70d24f8689a4b98163393691,evt_9794761f70d24f86,Raul Neto,NBA,4.08,5.81,2.75,0.25,1.5000,2.9400,2.8800,
$500 NBA Daily 8/12,2020-08-12T23:15:48.374189,estk_9794761f70d24f8682db34a5ef5dff8e,evt_9794761f70d24f86,OG Anunoby,NBA,0,0,0,0.25,1.0000,2.5200,2.5200,
$500 NBA Daily 8/12,2020-08-12T23:15:48.374193,estk_9794761f70d24f865cdd05960889fa04,evt_9794761f70d24f86,Serge Ibaka,NBA,0,0,0,0.25,1.0000,2.5200,2.5200,
$500 NBA Daily 8/12,2020-08-12T23:15:48.374200,estk_9794761f70d24f86575ca725abf50fd3,evt_9794761f70d24f86,Alec Burks,NBA,0,0,0,0.25,1.0000,2.5200,2.5200,
$500 NBA Daily 8/12,2020-08-12T23:21:55.701014,estk_9794761f70d24f867a763361bd2f9a08,evt_9794761f70d24f86,Joel Embiid,NBA,44.3,46.09,13.75,0.27,13.5000,12.9200,15.2400,11.7400
$500 NBA Daily 8/12,2020-08-12T23:21:55.701065,estk_9794761f70d24f8677c3d3d4d8ad15c5,evt_9794761f70d24f86,Tobias Harris,NBA,28.37,32.96,12.25,0.27,7.4500,9.6900,9.0800,6.3700
$500 NBA Daily 8/12,2020-08-12T23:21:55.701069,estk_9794761f70d24f8663a58b55849249a4,evt_9794761f70d24f86,Al Horford,NBA,28.1,32.26,11.75,0.27,7.1100,9.4300,8.7800,6.1100
$500 NBA Daily 8/12,2020-08-12T23:21:55.701085,estk_9794761f70d24f867c131e7cfd4ca8ad,evt_9794761f70d24f86,Pascal Siakam,NBA,31.79,28.71,5.5,0.27,5.8100,7.1400,7.7700,5.0900
$500 NBA Daily 8/12,2020-08-12T23:21:55.701092,estk_9794761f70d24f86d846b1bc06a60007,evt_9794761f70d24f86,Marc Gasol,NBA,20.64,29.32,14.25,0.27,5.4400,5.3800,7.0600,3.8400
$500 NBA Daily 8/12,2020-08-12T23:21:55.701109,estk_9794761f70d24f86cc28fb3568e3a1d6,evt_9794761f70d24f86,Kyle Lowry,NBA,28.13,28.03,7.5,0.27,4.9500,5.6900,6.9800,3.8700
$500 NBA Daily 8/12,2020-08-12T23:21:55.701113,estk_9794761f70d24f86b3147c681557a264,evt_9794761f70d24f86,Josh Richardson,NBA,25.07,25.3,7,0.27,4.6800,7.1400,6.5000,3.7200
$500 NBA Daily 8/12,2020-08-12T23:21:55.701117,estk_9794761f70d24f86cd439276c8d11f5d,evt_9794761f70d24f86,Fred VanVleet,NBA,29.37,24.94,3.5,0.27,4.6000,6.8100,6.1400,3.4700
$500 NBA Daily 8/12,2020-08-12T23:21:55.701142,estk_9794761f70d24f866de03cb5c6424ccc,evt_9794761f70d24f86,Norman Powell,NBA,19.56,22.53,8.25,0.27,3.9100,4.7500,5.0200,2.0800
$500 NBA Daily 8/12,2020-08-12T23:21:55.701153,estk_9794761f70d24f86a1e25447b314f889,evt_9794761f70d24f86,Shake Milton,NBA,18.45,21.47,8,0.27,3.6500,3.2900,5.4400,2.6200
$500 NBA Daily 8/12,2020-08-12T23:21:55.701174,estk_9794761f70d24f868b0372db86dba9af,evt_9794761f70d24f86,Furkan Korkmaz,NBA,17.38,17.94,5.25,0.27,3.0100,4.2900,4.5000,1.6100
$500 NBA Daily 8/12,2020-08-12T23:21:55.701192,estk_9794761f70d24f8689a4b98163393691,evt_9794761f70d24f86,Raul Neto,NBA,4.08,5.23,2.25,0.27,1.4000,2.8800,2.8800,
$500 NBA Daily 8/12,2020-08-12T23:21:55.701196,estk_9794761f70d24f8682db34a5ef5dff8e,evt_9794761f70d24f86,OG Anunoby,NBA,0,0,0,0.27,1.0000,2.5200,2.5200,
$500 NBA Daily 8/12,2020-08-12T23:21:55.701199,estk_9794761f70d24f865cdd05960889fa04,evt_9794761f70d24f86,Serge Ibaka,NBA,0,0,0,0.27,1.0000,2.5200,2.5200,
$500 NBA Daily 8/12,2020-08-12T23:21:55.701206,estk_9794761f70d24f86575ca725abf50fd3,evt_9794761f70d24f86,Alec Burks,NBA,0,0,0,0.27,1.0000,2.5200,2.5200,
$500 NBA Daily 8/12,2020-08-12T23:22:56.833352,estk_9794761f70d24f867a763361bd2f9a08,evt_9794761f70d24f86,Joel Embiid,NBA,44.3,46.45,15,0.29,13.4300,12.9200,15.2400,11.7400
$500 NBA Daily 8/12,2020-08-12T23:22:56.833403,estk_9794761f70d24f8677c3d3d4d8ad15c5,evt_9794761f70d24f86,Tobias Harris,NBA,28.37,32.39,12.25,0.29,7.1300,9.6900,9.0800,6.2300
$500 NBA Daily 8/12,2020-08-12T23:22:56.833407,estk_9794761f70d24f8663a58b55849249a4,evt_9794761f70d24f86,Al Horford,NBA,28.1,31.7,11.75,0.29,6.8800,9.4300,8.7800,5.5000
$500 NBA Daily 8/12,2020-08-12T23:22:56.833425,estk_9794761f70d24f86d846b1bc06a60007,evt_9794761f70d24f86,Marc Gasol,NBA,20.64,30.15,15.5,0.29,5.8400,5.3800,7.0600,3.8400
$500 NBA Daily 8/12,2020-08-12T23:22:56.833429,estk_9794761f70d24f867c131e7cfd4ca8ad,evt_9794761f70d24f86,Pascal Siakam,NBA,31.79,28.07,5.5,0.29,5.6100,7.1400,7.2200,4.6300
$500 NBA Daily 8/12,2020-08-12T23:22:56.833433,estk_9794761f70d24f86cc28fb3568e3a1d6,evt_9794761f70d24f86,Kyle Lowry,NBA,28.13,28.97,9,0.29,5.3900,5.6900,6.9800,3.8700
$500 NBA Daily 8/12,2020-08-12T23:22:56.833449,estk_9794761f70d24f86b3147c681557a264,evt_9794761f70d24f86,Josh Richardson,NBA,25.07,24.8,7,0.29,4.5200,7.1400,6.5000,3.6100
$500 NBA Daily 8/12,2020-08-12T23:22:56.833467,estk_9794761f70d24f86cd439276c8d11f5d,evt_9794761f70d24f86,Fred VanVleet,NBA,29.37,24.35,3.5,0.29,4.4300,6.8100,6.1400,3.4700
$500 NBA Daily 8/12,2020-08-12T23:22:56.833481,estk_9794761f70d24f866de03cb5c6424ccc,evt_9794761f70d24f86,Norman Powell,NBA,19.56,22.14,8.25,0.29,3.7800,4.7500,5.0200,2.2000
$500 NBA Daily 8/12,2020-08-12T23:22:56.833488,estk_9794761f70d24f86a1e25447b314f889,evt_9794761f70d24f86,Shake Milton,NBA,18.45,21.1,8,0.29,3.5200,3.2900,5.4400,2.6200
$500 NBA Daily 8/12,2020-08-12T23:22:56.833510,estk_9794761f70d24f868b0372db86dba9af,evt_9794761f70d24f86,Furkan Korkmaz,NBA,17.38,19.09,6.75,0.29,2.8300,4.2900,4.5000,1.6100
$500 NBA Daily 8/12,2020-08-12T23:22:56.833524,estk_9794761f70d24f8689a4b98163393691,evt_9794761f70d24f86,Raul Neto,NBA,4.08,10.15,7.25,0.29,1.3800,2.8800,2.8800,
$500 NBA Daily 8/12,2020-08-12T23:22:56.833528,estk_9794761f70d24f8682db34a5ef5dff8e,evt_9794761f70d24f86,OG Anunoby,NBA,0,0,0,0.29,1.0000,2.5200,2.5200,
$500 NBA Daily 8/12,2020-08-12T23:22:56.833532,estk_9794761f70d24f865cdd05960889fa04,evt_9794761f70d24f86,Serge Ibaka,NBA,0,0,0,0.29,1.0000,2.5200,2.5200,
$500 NBA Daily 8/12,2020-08-12T23:22:56.833539,estk_9794761f70d24f86575ca725abf50fd3,evt_9794761f70d24f86,Alec Burks,NBA,0,0,0,0.29,1.0000,2.5200,2.5200,
$500 NBA Daily 8/12,2020-08-12T23:23:57.969028,estk_9794761f70d24f867a763361bd2f9a08,evt_9794761f70d24f86,Joel Embiid,NBA,44.3,46.01,15,0.3,13.7600,12.9200,15.2400,11.9800
$500 NBA Daily 8/12,2020-08-12T23:23:57.969080,estk_9794761f70d24f8677c3d3d4d8ad15c5,evt_9794761f70d24f86,Tobias Harris,NBA,28.37,32.11,12.25,0.3,6.9500,9.6900,9.0800,5.7800
$500 NBA Daily 8/12,2020-08-12T23:23:57.969084,estk_9794761f70d24f8663a58b55849249a4,evt_9794761f70d24f86,Al Horford,NBA,28.1,31.42,11.75,0.3,6.6500,9.4300,8.7800,5.5000
$500 NBA Daily 8/12,2020-08-12T23:23:57.969095,estk_9794761f70d24f86d846b1bc06a60007,evt_9794761f70d24f86,Marc Gasol,NBA,20.64,29.95,15.5,0.3,6.1000,5.3800,7.7200,4.4800
$500 NBA Daily 8/12,2020-08-12T23:23:57.969106,estk_9794761f70d24f86cc28fb3568e3a1d6,evt_9794761f70d24f86,Kyle Lowry,NBA,28.13,28.69,9,0.3,5.6500,5.6900,6.9800,3.8700
$500 NBA Daily 8/12,2020-08-12T23:23:57.969110,estk_9794761f70d24f867c131e7cfd4ca8ad,evt_9794761f70d24f86,Pascal Siakam,NBA,31.79,27.75,5.5,0.3,5.2900,7.1400,7.2200,4.2000
$500 NBA Daily 8/12,2020-08-12T23:23:57.969139,estk_9794761f70d24f86b3147c681557a264,evt_9794761f70d24f86,Josh Richardson,NBA,25.07,24.55,7,0.3,4.3000,7.1400,5.8900,3.4000
$500 NBA Daily 8/12,2020-08-12T23:23:57.969143,estk_9794761f70d24f86cd439276c8d11f5d,evt_9794761f70d24f86,Fred VanVleet,NBA,29.37,24.06,3.5,0.3,4.2200,6.8100,5.8000,3.0200
$500 NBA Daily 8/12,2020-08-12T23:23:57.969158,estk_9794761f70d24f866de03cb5c6424ccc,evt_9794761f70d24f86,Norman Powell,NBA,19.56,21.44,7.75,0.3,3.6600,4.7500,5.0200,2.2000
$500 NBA Daily 8/12,2020-08-12T23:23:57.969165,estk_9794761f70d24f86a1e25447b314f889,evt_9794761f70d24f86,Shake Milton,NBA,18.45,20.91,8,0.3,3.4200,3.2900,5.4400,2.5700
$500 NBA Daily 8/12,2020-08-12T23:23:57.969183,estk_9794761f70d24f868b0372db86dba9af,evt_9794761f70d24f86,Furkan Korkmaz,NBA,17.38,22.42,10.25,0.3,2.9500,4.2900,4.5000,1.6100
$500 NBA Daily 8/12,2020-08-12T23:23:57.969202,estk_9794761f70d24f8689a4b98163393691,evt_9794761f70d24f86,Raul Neto,NBA,4.08,11.61,8.75,0.3,1.7300,2.8800,2.8800,
$500 NBA Daily 8/12,2020-08-12T23:23:57.969206,estk_9794761f70d24f8682db34a5ef5dff8e,evt_9794761f70d24f86,OG Anunoby,NBA,0,0,0,0.3,1.0000,2.5200,2.5200,
$500 NBA Daily 8/12,2020-08-12T23:23:57.969209,estk_9794761f70d24f865cdd05960889fa04,evt_9794761f70d24f86,Serge Ibaka,NBA,0,0,0,0.3,1.0000,2.5200,2.5200,
$500 NBA Daily 8/12,2020-08-12T23:23:57.969217,estk_9794761f70d24f86575ca725abf50fd3,evt_9794761f70d24f86,Alec Burks,NBA,0,0,0,0.3,1.0000,2.5200,2.5200,
$500 NBA Daily 8/12,2020-08-12T23:24:59.064772,estk_9794761f70d24f867a763361bd2f9a08,evt_9794761f70d24f86,Joel Embiid,NBA,44.3,45.12,15,0.32,13.5800,12.9200,15.2400,11.9800
$500 NBA Daily 8/12,2020-08-12T23:24:59.064824,estk_9794761f70d24f8677c3d3d4d8ad15c5,evt_9794761f70d24f86,Tobias Harris,NBA,28.37,31.54,12.25,0.32,6.8200,9.6900,8.4600,5.7800
$500 NBA Daily 8/12,2020-08-12T23:24:59.064832,estk_9794761f70d24f8663a58b55849249a4,evt_9794761f70d24f86,Al Horford,NBA,28.1,30.86,11.75,0.32,6.5300,9.4300,8.1600,5.5000
$500 NBA Daily 8/12,2020-08-12T23:24:59.064843,estk_9794761f70d24f86d846b1bc06a60007,evt_9794761f70d24f86,Marc Gasol,NBA,20.64,29.54,15.5,0.32,6.0400,5.3800,7.7200,4.4800
$500 NBA Daily 8/12,2020-08-12T23:24:59.064851,estk_9794761f70d24f86cc28fb3568e3a1d6,evt_9794761f70d24f86,Kyle Lowry,NBA,28.13,28.13,9,0.32,5.5300,5.6900,6.9800,3.9200
$500 NBA Daily 8/12,2020-08-12T23:24:59.064855,estk_9794761f70d24f867c131e7cfd4ca8ad,evt_9794761f70d24f86,Pascal Siakam,NBA,31.79,27.12,5.5,0.32,5.2000,7.1400,7.2200,4.2000
$500 NBA Daily 8/12,2020-08-12T23:24:59.064884,estk_9794761f70d24f86b3147c681557a264,evt_9794761f70d24f86,Josh Richardson,NBA,25.07,24.05,7,0.32,4.2300,7.1400,5.8900,3.0700
$500 NBA Daily 8/12,2020-08-12T23:24:59.064888,estk_9794761f70d24f86cd439276c8d11f5d,evt_9794761f70d24f86,Fred VanVleet,NBA,29.37,23.47,3.5,0.32,4.1100,6.8100,5.8000,3.0200
$500 NBA Daily 8/12,2020-08-12T23:24:59.064902,estk_9794761f70d24f868b0372db86dba9af,evt_9794761f70d24f86,Furkan Korkmaz,NBA,17.38,22.82,11,0.32,3.6700,4.2900,4.7500,1.6100
$500 NBA Daily 8/12,2020-08-12T23:24:59.064910,estk_9794761f70d24f866de03cb5c6424ccc,evt_9794761f70d24f86,Norman Powell,NBA,19.56,21.05,7.75,0.32,3.4800,4.7500,5.0200,2.2000
$500 NBA Daily 8/12,2020-08-12T23:24:59.064918,estk_9794761f70d24f86a1e25447b314f889,evt_9794761f70d24f86,Shake Milton,NBA,18.45,21.55,9,0.32,3.3400,3.2900,4.9100,2.3500
$500 NBA Daily 8/12,2020-08-12T23:24:59.064946,estk_9794761f70d24f8689a4b98163393691,evt_9794761f70d24f86,Raul Neto,NBA,4.08,11.52,8.75,0.32,1.8400,2.8800,2.8800,
$500 NBA Daily 8/12,2020-08-12T23:24:59.064950,estk_9794761f70d24f8682db34a5ef5dff8e,evt_9794761f70d24f86,OG Anunoby,NBA,0,0,0,0.32,1.0000,2.5200,2.5200,
$500 NBA Daily 8/12,2020-08-12T23:24:59.064953,estk_9794761f70d24f865cdd05960889fa04,evt_9794761f70d24f86,Serge Ibaka,NBA,0,0,0,0.32,1.0000,2.5200,2.5200,
$500 NBA Daily 8/12,2020-08-12T23:24:59.064961,estk_9794761f70d24f86575ca725abf50fd3,evt_9794761f70d24f86,Alec Burks,NBA,0,0,0,0.32,1.0000,2.5200,2.5200,
$500 NBA Daily 8/12,2020-08-12T23:26:00.237467,estk_9794761f70d24f867a763361bd2f9a08,evt_9794761f70d24f86,Joel Embiid,NBA,44.3,44.68,15,0.33,12.9900,12.9200,15.2400,11.9800
$500 NBA Daily 8/12,2020-08-12T23:26:00.237524,estk_9794761f70d24f8677c3d3d4d8ad15c5,evt_9794761f70d24f86,Tobias Harris,NBA,28.37,31.26,12.25,0.33,6.5200,9.6900,8.4600,5.3100
$500 NBA Daily 8/12,2020-08-12T23:26:00.237532,estk_9794761f70d24f8663a58b55849249a4,evt_9794761f70d24f86,Al Horford,NBA,28.1,30.58,11.75,0.33,6.2400,9.4300,8.1600,5.5000
$500 NBA Daily 8/12,2020-08-12T23:26:00.237543,estk_9794761f70d24f86d846b1bc06a60007,evt_9794761f70d24f86,Marc Gasol,NBA,20.64,29.33,15.5,0.33,5.8500,5.3800,7.7200,4.4800
$500 NBA Daily 8/12,2020-08-12T23:26:00.237547,estk_9794761f70d24f86cc28fb3568e3a1d6,evt_9794761f70d24f86,Kyle Lowry,NBA,28.13,27.85,9,0.33,5.2700,5.6900,6.9800,3.9200
$500 NBA Daily 8/12,2020-08-12T23:26:00.237559,estk_9794761f70d24f867c131e7cfd4ca8ad,evt_9794761f70d24f86,Pascal Siakam,NBA,31.79,26.8,5.5,0.33,4.8900,7.1400,7.2200,4.2000
$500 NBA Daily 8/12,2020-08-12T23:26:00.237585,estk_9794761f70d24f86b3147c681557a264,evt_9794761f70d24f86,Josh Richardson,NBA,25.07,23.8,7,0.33,4.0400,7.1400,5.8900,3.0700
$500 NBA Daily 8/12,2020-08-12T23:26:00.237595,estk_9794761f70d24f86cd439276c8d11f5d,evt_9794761f70d24f86,Fred VanVleet,NBA,29.37,23.18,3.5,0.33,3.8600,6.8100,5.8000,3.0200
$500 NBA Daily 8/12,2020-08-12T23:26:00.237599,estk_9794761f70d24f86a1e25447b314f889,evt_9794761f70d24f86,Shake Milton,NBA,18.45,22.61,10.25,0.33,3.7400,3.2900,4.9100,2.3500
$500 NBA Daily 8/12,2020-08-12T23:26:00.237603,estk_9794761f70d24f868b0372db86dba9af,evt_9794761f70d24f86,Furkan Korkmaz,NBA,17.38,22.64,11,0.33,3.7300,4.2900,4.7500,1.6100
$500 NBA Daily 8/12,2020-08-12T23:26:00.237619,estk_9794761f70d24f866de03cb5c6424ccc,evt_9794761f70d24f86,Norman Powell,NBA,19.56,20.86,7.75,0.33,3.3200,4.7500,5.0200,2.2000
$500 NBA Daily 8/12,2020-08-12T23:26:00.237644,estk_9794761f70d24f8689a4b98163393691,evt_9794761f70d24f86,Raul Neto,NBA,4.08,11.48,8.75,0.33,1.7900,2.8800,2.8800,
$500 NBA Daily 8/12,2020-08-12T23:26:00.237648,estk_9794761f70d24f8682db34a5ef5dff8e,evt_9794761f70d24f86,OG Anunoby,NBA,0,0,0,0.33,1.0000,2.5200,2.5200,
$500 NBA Daily 8/12,2020-08-12T23:26:00.237651,estk_9794761f70d24f865cdd05960889fa04,evt_9794761f70d24f86,Serge Ibaka,NBA,0,0,0,0.33,1.0000,2.5200,2.5200,
$500 NBA Daily 8/12,2020-08-12T23:26:00.237659,estk_9794761f70d24f86575ca725abf50fd3,evt_9794761f70d24f86,Alec Burks,NBA,0,0,0,0.33,1.0000,2.5200,2.5200,
$500 NBA Daily 8/12,2020-08-12T23:28:02.409464,estk_9794761f70d24f867a763361bd2f9a08,evt_9794761f70d24f86,Joel Embiid,NBA,44.3,45.49,16.25,0.34,13.0600,12.9200,14.6900,11.8100
$500 NBA Daily 8/12,2020-08-12T23:28:02.409495,estk_9794761f70d24f8677c3d3d4d8ad15c5,evt_9794761f70d24f86,Tobias Harris,NBA,28.37,30.97,12.25,0.34,6.4900,9.6900,8.4600,5.3100
$500 NBA Daily 8/12,2020-08-12T23:28:02.409503,estk_9794761f70d24f8663a58b55849249a4,evt_9794761f70d24f86,Al Horford,NBA,28.1,30.3,11.75,0.34,6.2900,9.4300,8.1600,5.0200
$500 NBA Daily 8/12,2020-08-12T23:28:02.409517,estk_9794761f70d24f86d846b1bc06a60007,evt_9794761f70d24f86,Marc Gasol,NBA,20.64,30.37,16.75,0.34,5.7900,5.3800,7.7200,4.4800
$500 NBA Daily 8/12,2020-08-12T23:28:02.409521,estk_9794761f70d24f86cc28fb3568e3a1d6,evt_9794761f70d24f86,Kyle Lowry,NBA,28.13,27.07,8.5,0.34,5.3100,5.6900,6.9800,3.9200
$500 NBA Daily 8/12,2020-08-12T23:28:02.409535,estk_9794761f70d24f867c131e7cfd4ca8ad,evt_9794761f70d24f86,Pascal Siakam,NBA,31.79,26.48,5.5,0.34,4.9200,7.1400,6.4900,3.6800
$500 NBA Daily 8/12,2020-08-12T23:28:02.409564,estk_9794761f70d24f86b3147c681557a264,evt_9794761f70d24f86,Josh Richardson,NBA,25.07,23.05,6.5,0.34,4.0400,7.1400,5.8900,3.0700
$500 NBA Daily 8/12,2020-08-12T23:28:02.409572,estk_9794761f70d24f86cd439276c8d11f5d,evt_9794761f70d24f86,Fred VanVleet,NBA,29.37,22.88,3.5,0.34,3.8800,6.8100,5.4500,3.0200
$500 NBA Daily 8/12,2020-08-12T23:28:02.409581,estk_9794761f70d24f868b0372db86dba9af,evt_9794761f70d24f86,Furkan Korkmaz,NBA,17.38,22.47,11,0.34,3.7500,4.2900,4.8600,2.1900
$500 NBA Daily 8/12,2020-08-12T23:28:02.409585,estk_9794761f70d24f86a1e25447b314f889,evt_9794761f70d24f86,Shake Milton,NBA,18.45,22.43,10.25,0.34,3.7400,3.2900,4.9100,2.3500
$500 NBA Daily 8/12,2020-08-12T23:28:02.409598,estk_9794761f70d24f866de03cb5c6424ccc,evt_9794761f70d24f86,Norman Powell,NBA,19.56,20.66,7.75,0.34,3.3300,4.7500,4.8900,2.2000
$500 NBA Daily 8/12,2020-08-12T23:28:02.409631,estk_9794761f70d24f8689a4b98163393691,evt_9794761f70d24f86,Raul Neto,NBA,4.08,11.44,8.75,0.34,1.7900,2.8800,2.8800,
$500 NBA Daily 8/12,2020-08-12T23:28:02.409635,estk_9794761f70d24f8682db34a5ef5dff8e,evt_9794761f70d24f86,OG Anunoby,NBA,0,0,0,0.34,1.0000,2.5200,2.5200,
$500 NBA Daily 8/12,2020-08-12T23:28:02.409639,estk_9794761f70d24f865cdd05960889fa04,evt_9794761f70d24f86,Serge Ibaka,NBA,0,0,0,0.34,1.0000,2.5200,2.5200,
$500 NBA Daily 8/12,2020-08-12T23:28:02.409648,estk_9794761f70d24f86575ca725abf50fd3,evt_9794761f70d24f86,Alec Burks,NBA,0,0,0,0.34,1.0000,2.5200,2.5200,
$500 NBA Daily 8/12,2020-08-12T23:30:04.574448,estk_9794761f70d24f867a763361bd2f9a08,evt_9794761f70d24f86,Joel Embiid,NBA,44.3,44.6,16.25,0.36,13.4600,12.9200,15.2300,11.8100
$500 NBA Daily 8/12,2020-08-12T23:30:04.574505,estk_9794761f70d24f8677c3d3d4d8ad15c5,evt_9794761f70d24f86,Tobias Harris,NBA,28.37,33.16,15,0.36,6.4700,9.6900,8.4600,5.3100
$500 NBA Daily 8/12,2020-08-12T23:30:04.574513,estk_9794761f70d24f8663a58b55849249a4,evt_9794761f70d24f86,Al Horford,NBA,28.1,33.23,15.25,0.36,6.2100,9.4300,8.1600,5.0200
$500 NBA Daily 8/12,2020-08-12T23:30:04.574521,estk_9794761f70d24f86d846b1bc06a60007,evt_9794761f70d24f86,Marc Gasol,NBA,20.64,29.96,16.75,0.36,6.1300,5.3800,7.7200,4.4800
$500 NBA Daily 8/12,2020-08-12T23:30:04.574537,estk_9794761f70d24f86cc28fb3568e3a1d6,evt_9794761f70d24f86,Kyle Lowry,NBA,28.13,26.5,8.5,0.36,4.9900,5.6900,6.9800,3.9200
$500 NBA Daily 8/12,2020-08-12T23:30:04.574540,estk_9794761f70d24f867c131e7cfd4ca8ad,evt_9794761f70d24f86,Pascal Siakam,NBA,31.79,25.35,5,0.36,4.8400,7.1400,6.4900,3.6800
$500 NBA Daily 8/12,2020-08-12T23:30:04.574573,estk_9794761f70d24f86b3147c681557a264,evt_9794761f70d24f86,Josh Richardson,NBA,25.07,24.54,8.5,0.36,3.8800,7.1400,5.8900,2.4600
$500 NBA Daily 8/12,2020-08-12T23:30:04.574576,estk_9794761f70d24f86cd439276c8d11f5d,evt_9794761f70d24f86,Fred VanVleet,NBA,29.37,23.8,5,0.36,3.8000,6.8100,5.4500,2.9600
$500 NBA Daily 8/12,2020-08-12T23:30:04.574580,estk_9794761f70d24f868b0372db86dba9af,evt_9794761f70d24f86,Furkan Korkmaz,NBA,17.38,22.12,11,0.36,3.7200,4.2900,4.8600,2.1900
$500 NBA Daily 8/12,2020-08-12T23:30:04.574584,estk_9794761f70d24f86a1e25447b314f889,evt_9794761f70d24f86,Shake Milton,NBA,18.45,23.56,11.75,0.36,3.6700,3.2900,4.9100,2.3500
$500 NBA Daily 8/12,2020-08-12T23:30:04.574600,estk_9794761f70d24f866de03cb5c6424ccc,evt_9794761f70d24f86,Norman Powell,NBA,19.56,20.27,7.75,0.36,3.2600,4.7500,4.8900,2.2000
$500 NBA Daily 8/12,2020-08-12T23:30:04.574625,estk_9794761f70d24f8689a4b98163393691,evt_9794761f70d24f86,Raul Neto,NBA,4.08,11.36,8.75,0.36,1.8000,2.8800,2.8800,
$500 NBA Daily 8/12,2020-08-12T23:30:04.574629,estk_9794761f70d24f8682db34a5ef5dff8e,evt_9794761f70d24f86,OG Anunoby,NBA,0,0,0,0.36,1.0000,2.5200,2.5200,
$500 NBA Daily 8/12,2020-08-12T23:30:04.574633,estk_9794761f70d24f865cdd05960889fa04,evt_9794761f70d24f86,Serge Ibaka,NBA,0,0,0,0.36,1.0000,2.5200,2.5200,
$500 NBA Daily 8/12,2020-08-12T23:30:04.574641,estk_9794761f70d24f86575ca725abf50fd3,evt_9794761f70d24f86,Alec Burks,NBA,0,0,0,0.36,1.0000,2.5200,2.5200,
$500 NBA Daily 8/12,2020-08-12T23:33:08.001460,estk_9794761f70d24f867a763361bd2f9a08,evt_9794761f70d24f86,Joel Embiid,NBA,44.3,44.16,16.25,0.37,12.7700,12.9200,14.7300,11.8100
$500 NBA Daily 8/12,2020-08-12T23:33:08.001483,estk_9794761f70d24f8663a58b55849249a4,evt_9794761f70d24f86,Al Horford,NBA,28.1,32.95,15.25,0.37,7.2800,9.4300,8.9500,5.0200
$500 NBA Daily 8/12,2020-08-12T23:33:08.001488,estk_9794761f70d24f8677c3d3d4d8ad15c5,evt_9794761f70d24f86,Tobias Harris,NBA,28.37,32.87,15,0.37,7.2400,9.6900,8.4600,5.3100
$500 NBA Daily 8/12,2020-08-12T23:33:08.001507,estk_9794761f70d24f86d846b1bc06a60007,evt_9794761f70d24f86,Marc Gasol,NBA,20.64,29.75,16.75,0.37,5.9000,5.3800,7.7200,4.4800
$500 NBA Daily 8/12,2020-08-12T23:33:08.001518,estk_9794761f70d24f86cc28fb3568e3a1d6,evt_9794761f70d24f86,Kyle Lowry,NBA,28.13,26.22,8.5,0.37,4.7200,5.6900,6.3900,3.8700
$500 NBA Daily 8/12,2020-08-12T23:33:08.001540,estk_9794761f70d24f867c131e7cfd4ca8ad,evt_9794761f70d24f86,Pascal Siakam,NBA,31.79,25.03,5,0.37,4.3100,7.1400,5.9600,3.3500
$500 NBA Daily 8/12,2020-08-12T23:33:08.001547,estk_9794761f70d24f86b3147c681557a264,evt_9794761f70d24f86,Josh Richardson,NBA,25.07,24.29,8.5,0.37,4.1500,7.1400,5.8900,2.4600
$500 NBA Daily 8/12,2020-08-12T23:33:08.001555,estk_9794761f70d24f86a1e25447b314f889,evt_9794761f70d24f86,Shake Milton,NBA,18.45,23.37,11.75,0.37,3.9000,3.2900,5.4700,2.3500
$500 NBA Daily 8/12,2020-08-12T23:33:08.001563,estk_9794761f70d24f86cd439276c8d11f5d,evt_9794761f70d24f86,Fred VanVleet,NBA,29.37,23.5,5,0.37,3.8500,6.8100,5.4500,2.9600
$500 NBA Daily 8/12,2020-08-12T23:33:08.001570,estk_9794761f70d24f868b0372db86dba9af,evt_9794761f70d24f86,Furkan Korkmaz,NBA,17.38,21.95,11,0.37,3.4900,4.2900,4.8600,2.1900
$500 NBA Daily 8/12,2020-08-12T23:33:08.001588,estk_9794761f70d24f866de03cb5c6424ccc,evt_9794761f70d24f86,Norman Powell,NBA,19.56,20.07,7.75,0.37,3.0600,4.7500,4.8900,2.2000
$500 NBA Daily 8/12,2020-08-12T23:33:08.001608,estk_9794761f70d24f8689a4b98163393691,evt_9794761f70d24f86,Raul Neto,NBA,4.08,11.32,8.75,0.37,1.7200,2.8800,2.8800,
$500 NBA Daily 8/12,2020-08-12T23:33:08.001611,estk_9794761f70d24f8682db34a5ef5dff8e,evt_9794761f70d24f86,OG Anunoby,NBA,0,0,0,0.37,1.0000,2.5200,2.5200,
$500 NBA Daily 8/12,2020-08-12T23:33:08.001615,estk_9794761f70d24f865cdd05960889fa04,evt_9794761f70d24f86,Serge Ibaka,NBA,0,0,0,0.37,1.0000,2.5200,2.5200,
$500 NBA Daily 8/12,2020-08-12T23:33:08.001623,estk_9794761f70d24f86575ca725abf50fd3,evt_9794761f70d24f86,Alec Burks,NBA,0,0,0,0.37,1.0000,2.5200,2.5200,
$500 NBA Daily 8/12,2020-08-12T23:34:09.125366,estk_9794761f70d24f867a763361bd2f9a08,evt_9794761f70d24f86,Joel Embiid,NBA,44.3,43.72,16.25,0.38,12.5500,12.9200,14.7300,11.7400
$500 NBA Daily 8/12,2020-08-12T23:34:09.125389,estk_9794761f70d24f8663a58b55849249a4,evt_9794761f70d24f86,Al Horford,NBA,28.1,32.67,15.25,0.38,7.0400,9.4300,8.9500,5.0200
$500 NBA Daily 8/12,2020-08-12T23:34:09.125393,estk_9794761f70d24f8677c3d3d4d8ad15c5,evt_9794761f70d24f86,Tobias Harris,NBA,28.37,32.59,15,0.38,7.0100,9.6900,8.4600,5.3100
$500 NBA Daily 8/12,2020-08-12T23:34:09.125412,estk_9794761f70d24f86d846b1bc06a60007,evt_9794761f70d24f86,Marc Gasol,NBA,20.64,29.55,16.75,0.38,5.8200,5.3800,7.7200,4.4800
$500 NBA Daily 8/12,2020-08-12T23:34:09.125431,estk_9794761f70d24f86cc28fb3568e3a1d6,evt_9794761f70d24f86,Kyle Lowry,NBA,28.13,25.94,8.5,0.38,4.5900,5.6900,6.3900,3.8700
$500 NBA Daily 8/12,2020-08-12T23:34:09.125446,estk_9794761f70d24f867c131e7cfd4ca8ad,evt_9794761f70d24f86,Pascal Siakam,NBA,31.79,24.71,5,0.38,4.2000,7.1400,5.9600,3.3500
$500 NBA Daily 8/12,2020-08-12T23:34:09.125450,estk_9794761f70d24f86cd439276c8d11f5d,evt_9794761f70d24f86,Fred VanVleet,NBA,29.37,24.46,6.25,0.38,4.1500,6.8100,5.4500,2.9600
$500 NBA Daily 8/12,2020-08-12T23:34:09.125461,estk_9794761f70d24f86b3147c681557a264,evt_9794761f70d24f86,Josh Richardson,NBA,25.07,24.04,8.5,0.38,4.0200,7.1400,5.8900,2.4600
$500 NBA Daily 8/12,2020-08-12T23:34:09.125469,estk_9794761f70d24f86a1e25447b314f889,evt_9794761f70d24f86,Shake Milton,NBA,18.45,22.69,11.25,0.38,3.7100,3.2900,5.4700,2.3500
$500 NBA Daily 8/12,2020-08-12T23:34:09.125480,estk_9794761f70d24f868b0372db86dba9af,evt_9794761f70d24f86,Furkan Korkmaz,NBA,17.38,21.78,11,0.38,3.4500,4.2900,4.8600,2.1900
$500 NBA Daily 8/12,2020-08-12T23:34:09.125494,estk_9794761f70d24f866de03cb5c6424ccc,evt_9794761f70d24f86,Norman Powell,NBA,19.56,19.88,7.75,0.38,3.0400,4.7500,4.8900,2.2000
$500 NBA Daily 8/12,2020-08-12T23:34:09.125512,estk_9794761f70d24f8689a4b98163393691,evt_9794761f70d24f86,Raul Neto,NBA,4.08,11.28,8.75,0.38,1.7100,2.8800,2.8800,
$500 NBA Daily 8/12,2020-08-12T23:34:09.125516,estk_9794761f70d24f8682db34a5ef5dff8e,evt_9794761f70d24f86,OG Anunoby,NBA,0,0,0,0.38,1.0000,2.5200,2.5200,
$500 NBA Daily 8/12,2020-08-12T23:34:09.125520,estk_9794761f70d24f865cdd05960889fa04,evt_9794761f70d24f86,Serge Ibaka,NBA,0,0,0,0.38,1.0000,2.5200,2.5200,
$500 NBA Daily 8/12,2020-08-12T23:34:09.125528,estk_9794761f70d24f86575ca725abf50fd3,evt_9794761f70d24f86,Alec Burks,NBA,0,0,0,0.38,1.0000,2.5200,2.5200,
$500 NBA Daily 8/12,2020-08-12T23:34:39.585326,estk_9794761f70d24f867a763361bd2f9a08,evt_9794761f70d24f86,Joel Embiid,NBA,44.3,43.27,16.25,0.39,12.5500,12.9200,14.7300,
$500 NBA Daily 8/12,2020-08-12T23:34:39.585349,estk_9794761f70d24f8663a58b55849249a4,evt_9794761f70d24f86,Al Horford,NBA,28.1,32.39,15.25,0.39,7.0400,9.4300,8.9500,5.4000
$500 NBA Daily 8/12,2020-08-12T23:34:39.585353,estk_9794761f70d24f8677c3d3d4d8ad15c5,evt_9794761f70d24f86,Tobias Harris,NBA,28.37,32.31,15,0.39,7.0100,9.6900,8.4600,5.3100
$500 NBA Daily 8/12,2020-08-12T23:34:39.585371,estk_9794761f70d24f86d846b1bc06a60007,evt_9794761f70d24f86,Marc Gasol,NBA,20.64,29.34,16.75,0.39,5.8200,5.3800,7.7200,4.4800
$500 NBA Daily 8/12,2020-08-12T23:34:39.585389,estk_9794761f70d24f86cc28fb3568e3a1d6,evt_9794761f70d24f86,Kyle Lowry,NBA,28.13,25.66,8.5,0.39,4.5900,5.6900,6.3900,3.3100
$500 NBA Daily 8/12,2020-08-12T23:34:39.585404,estk_9794761f70d24f867c131e7cfd4ca8ad,evt_9794761f70d24f86,Pascal Siakam,NBA,31.79,24.39,5,0.39,4.2000,7.1400,5.9600,3.3500
$500 NBA Daily 8/12,2020-08-12T23:34:39.585408,estk_9794761f70d24f86cd439276c8d11f5d,evt_9794761f70d24f86,Fred VanVleet,NBA,29.37,24.17,6.25,0.39,4.1500,5.4500,5.8000,2.6400
$500 NBA Daily 8/12,2020-08-12T23:34:39.585420,estk_9794761f70d24f86b3147c681557a264,evt_9794761f70d24f86,Josh Richardson,NBA,25.07,23.79,8.5,0.39,4.0200,5.8900,5.8900,2.4600
$500 NBA Daily 8/12,2020-08-12T23:34:39.585427,estk_9794761f70d24f86a1e25447b314f889,evt_9794761f70d24f86,Shake Milton,NBA,18.45,22.5,11.25,0.39,3.7100,3.2900,5.4700,2.3500
$500 NBA Daily 8/12,2020-08-12T23:34:39.585438,estk_9794761f70d24f868b0372db86dba9af,evt_9794761f70d24f86,Furkan Korkmaz,NBA,17.38,21.6,11,0.39,3.4500,4.8600,4.8600,2.1900
$500 NBA Daily 8/12,2020-08-12T23:34:39.585453,estk_9794761f70d24f866de03cb5c6424ccc,evt_9794761f70d24f86,Norman Powell,NBA,19.56,19.68,7.75,0.39,3.0400,4.8900,4.8900,2.2000
$500 NBA Daily 8/12,2020-08-12T23:34:39.585470,estk_9794761f70d24f8689a4b98163393691,evt_9794761f70d24f86,Raul Neto,NBA,4.08,11.24,8.75,0.39,1.7100,2.8800,2.8800,
$500 NBA Daily 8/12,2020-08-12T23:34:39.585474,estk_9794761f70d24f8682db34a5ef5dff8e,evt_9794761f70d24f86,OG Anunoby,NBA,0,0,0,0.39,1.0000,2.5200,2.5200,
$500 NBA Daily 8/12,2020-08-12T23:34:39.585477,estk_9794761f70d24f865cdd05960889fa04,evt_9794761f70d24f86,Serge Ibaka,NBA,0,0,0,0.39,1.0000,2.5200,2.5200,
$500 NBA Daily 8/12,2020-08-12T23:34:39.585485,estk_9794761f70d24f86575ca725abf50fd3,evt_9794761f70d24f86,Alec Burks,NBA,0,0,0,0.39,1.0000,2.5200,2.5200,
$500 NBA Daily 8/12,2020-08-12T23:36:41.937585,estk_9794761f70d24f867a763361bd2f9a08,evt_9794761f70d24f86,Joel Embiid,NBA,44.3,42.39,16.25,0.41,12.3800,12.9200,14.1100,10.8000
$500 NBA Daily 8/12,2020-08-12T23:36:41.937607,estk_9794761f70d24f8663a58b55849249a4,evt_9794761f70d24f86,Al Horford,NBA,28.1,34.83,18.25,0.41,6.9600,8.9500,8.6800,5.4000
$500 NBA Daily 8/12,2020-08-12T23:36:41.937611,estk_9794761f70d24f8677c3d3d4d8ad15c5,evt_9794761f70d24f86,Tobias Harris,NBA,28.37,33.24,16.5,0.41,6.9000,9.6900,8.4600,5.3700
$500 NBA Daily 8/12,2020-08-12T23:36:41.937630,estk_9794761f70d24f86d846b1bc06a60007,evt_9794761f70d24f86,Marc Gasol,NBA,20.64,28.93,16.75,0.41,5.7600,5.3800,7.7200,4.4800
$500 NBA Daily 8/12,2020-08-12T23:36:41.937659,estk_9794761f70d24f86cc28fb3568e3a1d6,evt_9794761f70d24f86,Kyle Lowry,NBA,28.13,29.35,12.75,0.41,4.5300,5.6900,6.3900,3.3100
$500 NBA Daily 8/12,2020-08-12T23:36:41.937666,estk_9794761f70d24f867c131e7cfd4ca8ad,evt_9794761f70d24f86,Pascal Siakam,NBA,31.79,25.76,7,0.41,4.0900,7.1400,5.9600,2.6200
$500 NBA Daily 8/12,2020-08-12T23:36:41.937670,estk_9794761f70d24f86cd439276c8d11f5d,evt_9794761f70d24f86,Fred VanVleet,NBA,29.37,25.08,7.75,0.41,4.0800,5.4500,5.7300,2.6400
$500 NBA Daily 8/12,2020-08-12T23:36:41.937677,estk_9794761f70d24f86b3147c681557a264,evt_9794761f70d24f86,Josh Richardson,NBA,25.07,24.54,9.75,0.41,4.0100,5.8900,5.6000,2.4600
$500 NBA Daily 8/12,2020-08-12T23:36:41.937687,estk_9794761f70d24f86a1e25447b314f889,evt_9794761f70d24f86,Shake Milton,NBA,18.45,22.14,11.25,0.41,3.6400,3.2900,5.4700,2.3500
$500 NBA Daily 8/12,2020-08-12T23:36:41.937699,estk_9794761f70d24f868b0372db86dba9af,evt_9794761f70d24f86,Furkan Korkmaz,NBA,17.38,21.25,11,0.41,3.4100,4.8600,4.8600,2.1900
$500 NBA Daily 8/12,2020-08-12T23:36:41.937713,estk_9794761f70d24f866de03cb5c6424ccc,evt_9794761f70d24f86,Norman Powell,NBA,19.56,19.29,7.75,0.41,2.9800,4.8900,4.6000,2.2000
$500 NBA Daily 8/12,2020-08-12T23:36:41.937731,estk_9794761f70d24f8689a4b98163393691,evt_9794761f70d24f86,Raul Neto,NBA,4.08,11.16,8.75,0.41,1.7000,2.8800,2.9300,
$500 NBA Daily 8/12,2020-08-12T23:36:41.937734,estk_9794761f70d24f8682db34a5ef5dff8e,evt_9794761f70d24f86,OG Anunoby,NBA,0,0,0,0.41,1.0000,2.5200,2.5200,
$500 NBA Daily 8/12,2020-08-12T23:36:41.937738,estk_9794761f70d24f865cdd05960889fa04,evt_9794761f70d24f86,Serge Ibaka,NBA,0,0,0,0.41,1.0000,2.5200,2.5200,
$500 NBA Daily 8/12,2020-08-12T23:36:41.937746,estk_9794761f70d24f86575ca725abf50fd3,evt_9794761f70d24f86,Alec Burks,NBA,0,0,0,0.41,1.0000,2.5200,2.5200,
$500 NBA Daily 8/12,2020-08-12T23:39:14.821252,estk_9794761f70d24f867a763361bd2f9a08,evt_9794761f70d24f86,Joel Embiid,NBA,44.3,41.5,16.25,0.43,11.2900,12.9200,13.5200,10.6300
$500 NBA Daily 8/12,2020-08-12T23:39:14.821268,estk_9794761f70d24f8663a58b55849249a4,evt_9794761f70d24f86,Al Horford,NBA,28.1,35.52,19.5,0.43,8.1700,8.9500,10.1300,6.5100
$500 NBA Daily 8/12,2020-08-12T23:39:14.821279,estk_9794761f70d24f8677c3d3d4d8ad15c5,evt_9794761f70d24f86,Tobias Harris,NBA,28.37,33.42,17.25,0.43,7.3000,9.6900,8.4600,5.5800
$500 NBA Daily 8/12,2020-08-12T23:39:14.821297,estk_9794761f70d24f86cc28fb3568e3a1d6,evt_9794761f70d24f86,Kyle Lowry,NBA,28.13,28.78,12.75,0.43,5.3900,5.6900,7.2800,3.7800
$500 NBA Daily 8/12,2020-08-12T23:39:14.821301,estk_9794761f70d24f86d846b1bc06a60007,evt_9794761f70d24f86,Marc Gasol,NBA,20.64,28.51,16.75,0.43,5.3000,5.3800,7.1500,4.4200
$500 NBA Daily 8/12,2020-08-12T23:39:14.821313,estk_9794761f70d24f86cd439276c8d11f5d,evt_9794761f70d24f86,Fred VanVleet,NBA,29.37,27.49,10.75,0.43,4.9800,5.4500,5.8000,3.3800
$500 NBA Daily 8/12,2020-08-12T23:39:14.821335,estk_9794761f70d24f867c131e7cfd4ca8ad,evt_9794761f70d24f86,Pascal Siakam,NBA,31.79,25.87,7.75,0.43,4.4200,7.1400,5.9600,2.8600
$500 NBA Daily 8/12,2020-08-12T23:39:14.821349,estk_9794761f70d24f86b3147c681557a264,evt_9794761f70d24f86,Josh Richardson,NBA,25.07,23.54,9.25,0.43,3.7800,5.8900,5.6000,2.5200
$500 NBA Daily 8/12,2020-08-12T23:39:14.821364,estk_9794761f70d24f86a1e25447b314f889,evt_9794761f70d24f86,Shake Milton,NBA,18.45,21.77,11.25,0.43,3.3200,3.2900,5.4700,2.3500
$500 NBA Daily 8/12,2020-08-12T23:39:14.821375,estk_9794761f70d24f868b0372db86dba9af,evt_9794761f70d24f86,Furkan Korkmaz,NBA,17.38,20.91,11,0.43,3.1300,4.8600,4.7900,2.1900
$500 NBA Daily 8/12,2020-08-12T23:39:14.821389,estk_9794761f70d24f866de03cb5c6424ccc,evt_9794761f70d24f86,Norman Powell,NBA,19.56,18.9,7.75,0.43,2.6900,4.4200,4.3300,1.9600
$500 NBA Daily 8/12,2020-08-12T23:39:14.821397,estk_9794761f70d24f8689a4b98163393691,evt_9794761f70d24f86,Raul Neto,NBA,4.08,11.08,8.75,0.43,1.6300,2.9300,2.9400,
$500 NBA Daily 8/12,2020-08-12T23:39:14.821400,estk_9794761f70d24f8682db34a5ef5dff8e,evt_9794761f70d24f86,OG Anunoby,NBA,0,0,0,0.43,1.0000,2.5200,2.5200,
$500 NBA Daily 8/12,2020-08-12T23:39:14.821404,estk_9794761f70d24f865cdd05960889fa04,evt_9794761f70d24f86,Serge Ibaka,NBA,0,0,0,0.43,1.0000,2.5200,2.5200,
$500 NBA Daily 8/12,2020-08-12T23:39:14.821412,estk_9794761f70d24f86575ca725abf50fd3,evt_9794761f70d24f86,Alec Burks,NBA,0,0,0,0.43,1.0000,2.5200,2.5200,
$500 NBA Daily 8/12,2020-08-12T23:45:21.814074,estk_9794761f70d24f867a763361bd2f9a08,evt_9794761f70d24f86,Joel Embiid,NBA,44.3,41.06,16.25,0.44,11.3400,12.9200,13.0200,10.0400
$500 NBA Daily 8/12,2020-08-12T23:45:21.814090,estk_9794761f70d24f8663a58b55849249a4,evt_9794761f70d24f86,Al Horford,NBA,28.1,35.24,19.5,0.44,8.1500,8.9500,10.1300,6.5500
$500 NBA Daily 8/12,2020-08-12T23:45:21.814102,estk_9794761f70d24f8677c3d3d4d8ad15c5,evt_9794761f70d24f86,Tobias Harris,NBA,28.37,34.14,18.25,0.44,7.2800,9.6900,9.0100,5.6500
$500 NBA Daily 8/12,2020-08-12T23:45:21.814120,estk_9794761f70d24f86cc28fb3568e3a1d6,evt_9794761f70d24f86,Kyle Lowry,NBA,28.13,29.5,13.75,0.44,5.4600,5.6900,7.2800,3.7800
$500 NBA Daily 8/12,2020-08-12T23:45:21.814124,estk_9794761f70d24f86d846b1bc06a60007,evt_9794761f70d24f86,Marc Gasol,NBA,20.64,28.31,16.75,0.44,5.3100,5.3800,7.1500,4.4200
$500 NBA Daily 8/12,2020-08-12T23:45:21.814136,estk_9794761f70d24f86cd439276c8d11f5d,evt_9794761f70d24f86,Fred VanVleet,NBA,29.37,27.2,10.75,0.44,4.9700,5.4500,6.5800,3.4000
$500 NBA Daily 8/12,2020-08-12T23:45:21.814157,estk_9794761f70d24f867c131e7cfd4ca8ad,evt_9794761f70d24f86,Pascal Siakam,NBA,31.79,25.05,7.25,0.44,4.4400,7.1400,5.9600,2.8600
$500 NBA Daily 8/12,2020-08-12T23:45:21.814172,estk_9794761f70d24f86b3147c681557a264,evt_9794761f70d24f86,Josh Richardson,NBA,25.07,23.29,9.25,0.44,3.7800,5.8900,5.3600,2.5200
$500 NBA Daily 8/12,2020-08-12T23:45:21.814186,estk_9794761f70d24f86a1e25447b314f889,evt_9794761f70d24f86,Shake Milton,NBA,18.45,21.58,11.25,0.44,3.3300,3.2900,4.8900,2.3500
$500 NBA Daily 8/12,2020-08-12T23:45:21.814198,estk_9794761f70d24f868b0372db86dba9af,evt_9794761f70d24f86,Furkan Korkmaz,NBA,17.38,20.73,11,0.44,3.1400,4.8600,4.6900,2.1900
$500 NBA Daily 8/12,2020-08-12T23:45:21.814213,estk_9794761f70d24f866de03cb5c6424ccc,evt_9794761f70d24f86,Norman Powell,NBA,19.56,18.7,7.75,0.44,2.7000,4.4200,4.3300,1.8800
$500 NBA Daily 8/12,2020-08-12T23:45:21.814220,estk_9794761f70d24f8689a4b98163393691,evt_9794761f70d24f86,Raul Neto,NBA,4.08,11.03,8.75,0.44,1.6200,2.9300,2.9400,
$500 NBA Daily 8/12,2020-08-12T23:45:21.814225,estk_9794761f70d24f8682db34a5ef5dff8e,evt_9794761f70d24f86,OG Anunoby,NBA,0,0,0,0.44,1.0000,2.5200,2.5200,
$500 NBA Daily 8/12,2020-08-12T23:45:21.814228,estk_9794761f70d24f865cdd05960889fa04,evt_9794761f70d24f86,Serge Ibaka,NBA,0,0,0,0.44,1.0000,2.5200,2.5200,
$500 NBA Daily 8/12,2020-08-12T23:45:21.814236,estk_9794761f70d24f86575ca725abf50fd3,evt_9794761f70d24f86,Alec Burks,NBA,0,0,0,0.44,1.0000,2.5200,2.5200,
$500 NBA Daily 8/12,2020-08-12T23:47:23.969362,estk_9794761f70d24f867a763361bd2f9a08,evt_9794761f70d24f86,Joel Embiid,NBA,44.3,40.62,16.25,0.45,10.6100,12.9200,12.3200,9.6300
$500 NBA Daily 8/12,2020-08-12T23:47:23.969372,estk_9794761f70d24f8677c3d3d4d8ad15c5,evt_9794761f70d24f86,Tobias Harris,NBA,28.37,35.85,20.25,0.45,8.3300,9.6900,9.6100,
$500 NBA Daily 8/12,2020-08-12T23:47:23.969376,estk_9794761f70d24f8663a58b55849249a4,evt_9794761f70d24f86,Al Horford,NBA,28.1,34.95,19.5,0.45,7.9300,8.9500,10.1300,6.5500
$500 NBA Daily 8/12,2020-08-12T23:47:23.969402,estk_9794761f70d24f86cc28fb3568e3a1d6,evt_9794761f70d24f86,Kyle Lowry,NBA,28.13,30.22,14.75,0.45,5.9100,5.6900,7.2800,4.2900
$500 NBA Daily 8/12,2020-08-12T23:47:23.969409,estk_9794761f70d24f86d846b1bc06a60007,evt_9794761f70d24f86,Marc Gasol,NBA,20.64,28.1,16.75,0.45,5.1900,5.3800,7.1500,4.2300
$500 NBA Daily 8/12,2020-08-12T23:47:23.969417,estk_9794761f70d24f86cd439276c8d11f5d,evt_9794761f70d24f86,Fred VanVleet,NBA,29.37,26.9,10.75,0.45,4.7100,5.4500,6.5800,3.4000
$500 NBA Daily 8/12,2020-08-12T23:47:23.969442,estk_9794761f70d24f867c131e7cfd4ca8ad,evt_9794761f70d24f86,Pascal Siakam,NBA,31.79,24.73,7.25,0.45,4.1000,7.1400,5.9600,2.8600
$500 NBA Daily 8/12,2020-08-12T23:47:23.969453,estk_9794761f70d24f86b3147c681557a264,evt_9794761f70d24f86,Josh Richardson,NBA,25.07,23.04,9.25,0.45,3.6600,5.8900,5.3600,2.5200
$500 NBA Daily 8/12,2020-08-12T23:47:23.969471,estk_9794761f70d24f86a1e25447b314f889,evt_9794761f70d24f86,Shake Milton,NBA,18.45,21.4,11.25,0.45,3.2000,3.2900,4.8900,2.3500
$500 NBA Daily 8/12,2020-08-12T23:47:23.969479,estk_9794761f70d24f868b0372db86dba9af,evt_9794761f70d24f86,Furkan Korkmaz,NBA,17.38,20.56,11,0.45,3.0500,4.8600,4.6900,2.1900
$500 NBA Daily 8/12,2020-08-12T23:47:23.969494,estk_9794761f70d24f866de03cb5c6424ccc,evt_9794761f70d24f86,Norman Powell,NBA,19.56,18.51,7.75,0.45,2.5900,4.4200,4.3300,1.8000
$500 NBA Daily 8/12,2020-08-12T23:47:23.969501,estk_9794761f70d24f8689a4b98163393691,evt_9794761f70d24f86,Raul Neto,NBA,4.08,10.99,8.75,0.45,1.6200,2.9300,2.9400,
$500 NBA Daily 8/12,2020-08-12T23:47:23.969505,estk_9794761f70d24f8682db34a5ef5dff8e,evt_9794761f70d24f86,OG Anunoby,NBA,0,0,0,0.45,1.0000,2.5200,2.5200,
$500 NBA Daily 8/12,2020-08-12T23:47:23.969508,estk_9794761f70d24f865cdd05960889fa04,evt_9794761f70d24f86,Serge Ibaka,NBA,0,0,0,0.45,1.0000,2.5200,2.5200,
$500 NBA Daily 8/12,2020-08-12T23:47:23.969516,estk_9794761f70d24f86575ca725abf50fd3,evt_9794761f70d24f86,Alec Burks,NBA,0,0,0,0.45,1.0000,2.5200,2.5200,
$500 NBA Daily 8/12,2020-08-12T23:47:54.520943,estk_9794761f70d24f867a763361bd2f9a08,evt_9794761f70d24f86,Joel Embiid,NBA,44.3,40.17,16.25,0.46,10.6100,12.9200,12.3200,9.6300
