name,time,id,event_id,stock_name,sector,fantasy_points_projected,fantasy_points_projected_live,fantasy_points_scored,amount_completed,estimated_price,last_price,ask_price,bid_price
$250 Wyndham Championship,2020-08-11T21:05:27.662111,estk_443bf2fd696df683503f60443b3bd112,evt_443bf2fd696df683,Webb Simpson,PGA,79.15,,,,13.5600,1.0200,,
$250 Wyndham Championship,2020-08-11T21:05:27.662141,estk_443bf2fd696df68303fcb99bd098267b,evt_443bf2fd696df683,Patrick Reed,PGA,78.09,,,,12.7100,1.0200,,
$250 Wyndham Championship,2020-08-11T21:05:27.662146,estk_443bf2fd696df68330ccd165c4aa611d,evt_443bf2fd696df683,Brooks Koepka,PGA,76.15,,,,11.2900,1.0100,,
$250 Wyndham Championship,2020-08-11T21:05:27.662150,estk_443bf2fd696df683db5881f101cec470,evt_443bf2fd696df683,Justin Rose,PGA,74.58,,,,10.2000,1.0200,,
$250 Wyndham Championship,2020-08-11T21:05:27.662157,estk_443bf2fd696df683e64a0e6fb2b31683,evt_443bf2fd696df683,Rafa Cabrera Bello,PGA,71.6,,,,8.3000,1.0100,,
$250 Wyndham Championship,2020-08-11T21:05:27.662161,estk_443bf2fd696df6836cf2ca706ee5c6ba,evt_443bf2fd696df683,Zach Johnson,PGA,70.96,,,,7.9000,1.0100,,
$250 Wyndham Championship,2020-08-11T21:05:27.662166,estk_443bf2fd696df683a251d6b9cc0a07e5,evt_443bf2fd696df683,Sungjae Im,PGA,70.86,,,,7.8200,1.0100,,
$250 Wyndham Championship,2020-08-11T21:05:27.662169,estk_443bf2fd696df683694b41dae4b8654f,evt_443bf2fd696df683,Lucas Glover,PGA,70.44,,,,7.6200,1.0100,,
$250 Wyndham Championship,2020-08-11T21:05:27.662173,estk_443bf2fd696df6835e6a5c337da2b39d,evt_443bf2fd696df683,Matthias Schwab,PGA,70.52,,,,7.6100,1.0100,,
$250 Wyndham Championship,2020-08-11T21:05:27.662176,estk_443bf2fd696df683dda748b4200f22bf,evt_443bf2fd696df683,Paul Casey,PGA,70.47,,,,7.6000,,,
$250 Wyndham Championship,2020-08-11T21:05:27.662180,estk_443bf2fd696df683170130e9fa731e23,evt_443bf2fd696df683,Jason Kokrak,PGA,69.7,,,,7.1800,1.0100,,
$250 Wyndham Championship,2020-08-11T21:05:27.662184,estk_443bf2fd696df6832ab98d8a9a770fd5,evt_443bf2fd696df683,Jordan Spieth,PGA,69.68,,,,7.1300,1.0100,,
$250 Wyndham Championship,2020-08-11T21:05:27.662187,estk_443bf2fd696df68356ab6ba90ba02e56,evt_443bf2fd696df683,Joaquin Niemann,PGA,69.43,,,,7.0000,1.0100,,
$250 Wyndham Championship,2020-08-11T21:05:27.662191,estk_443bf2fd696df68391386b499e2742a4,evt_443bf2fd696df683,Ryan Moore,PGA,68.9,,,,6.7500,1.0100,,
$250 Wyndham Championship,2020-08-11T21:05:27.662194,estk_443bf2fd696df6831fc545ba8ac8cb0b,evt_443bf2fd696df683,Rory Sabbatini,PGA,68.41,,,,6.4500,1.0000,,
$250 Wyndham Championship,2020-08-11T21:05:27.662198,estk_443bf2fd696df6834e5af02280177635,evt_443bf2fd696df683,Si Woo Kim,PGA,68.37,,,,6.4400,1.0100,,
$250 Wyndham Championship,2020-08-11T21:05:27.662201,estk_443bf2fd696df6834c6653517cec92a3,evt_443bf2fd696df683,Russell Knox,PGA,68.26,,,,6.4300,1.0100,,
$250 Wyndham Championship,2020-08-11T21:05:27.662205,estk_443bf2fd696df683d8f0d69f88d3691a,evt_443bf2fd696df683,Doc Redman,PGA,68.27,,,,6.3800,1.0100,,
$250 Wyndham Championship,2020-08-11T21:05:27.662208,estk_443bf2fd696df683727afcd55bf28e15,evt_443bf2fd696df683,Brandt Snedeker,PGA,68.02,,,,6.2800,1.0100,,
$250 Wyndham Championship,2020-08-11T21:05:27.662212,estk_443bf2fd696df6831ca8635140548cc5,evt_443bf2fd696df683,Harris English,PGA,67.04,,,,5.7700,1.0000,,
$250 Wyndham Championship,2020-08-11T21:05:27.662215,estk_443bf2fd696df683e71bc53e996275e5,evt_443bf2fd696df683,Brian Gay,PGA,66.9,,,,5.7200,1.0100,,
$250 Wyndham Championship,2020-08-11T21:05:27.662219,estk_443bf2fd696df683938149290ef83c69,evt_443bf2fd696df683,Cameron Percy,PGA,66.88,,,,5.6700,,,
$250 Wyndham Championship,2020-08-11T21:05:27.662225,estk_443bf2fd696df68399495eb9a3c8aa25,evt_443bf2fd696df683,Kevin Kisner,PGA,66.1,,,,5.3500,1.0100,,
$250 Wyndham Championship,2020-08-11T21:05:27.662228,estk_443bf2fd696df6833544479351e1ff63,evt_443bf2fd696df683,Billy Horschel,PGA,66.02,,,,5.2800,1.0100,,
$250 Wyndham Championship,2020-08-11T21:05:27.662232,estk_443bf2fd696df6831ce4da0ea7a969fb,evt_443bf2fd696df683,Kevin Tway,PGA,66.02,,,,5.2800,1.0100,,
$250 Wyndham Championship,2020-08-11T21:05:27.662235,estk_443bf2fd696df683467812ddab873919,evt_443bf2fd696df683,J.T. Poston,PGA,65.95,,,,5.2700,1.0100,,
$250 Wyndham Championship,2020-08-11T21:05:27.662239,estk_443bf2fd696df683f0b722aa359b7f95,evt_443bf2fd696df683,Scott Piercy,PGA,65.93,,,,5.2700,1.0100,,
$250 Wyndham Championship,2020-08-11T21:05:27.662243,estk_443bf2fd696df683017972156cc3fd8e,evt_443bf2fd696df683,Stewart Cink,PGA,65.69,,,,5.1800,1.0100,,
$250 Wyndham Championship,2020-08-11T21:05:27.662246,estk_443bf2fd696df683f9b7e49ec070a617,evt_443bf2fd696df683,Chesson Hadley,PGA,65.59,,,,5.1000,1.0100,,
$250 Wyndham Championship,2020-08-11T21:05:27.662252,estk_443bf2fd696df6833669473c95ba1329,evt_443bf2fd696df683,C.T. Pan,PGA,65.55,,,,5.0800,1.0100,,
$250 Wyndham Championship,2020-08-11T21:05:27.662256,estk_443bf2fd696df683bdc437a37a2c4345,evt_443bf2fd696df683,Patrick Rodgers,PGA,65.45,,,,5.0700,1.0100,,
$250 Wyndham Championship,2020-08-11T21:05:27.662260,estk_443bf2fd696df68337a8104a8070199b,evt_443bf2fd696df683,Ryan Armour,PGA,65.44,,,,5.0200,1.0100,,
$250 Wyndham Championship,2020-08-11T21:05:27.662263,estk_443bf2fd696df6838b9d725b59bb9f58,evt_443bf2fd696df683,Kyle Stanley,PGA,65.3,,,,4.9900,1.0000,,
$250 Wyndham Championship,2020-08-11T21:05:27.662267,estk_443bf2fd696df683a5e32548021abe19,evt_443bf2fd696df683,Chez Reavie,PGA,65.24,,,,4.9200,1.0100,,
$250 Wyndham Championship,2020-08-11T21:05:27.662270,estk_443bf2fd696df683f8ddff16f2dbed28,evt_443bf2fd696df683,Corey Conners,PGA,65.07,,,,4.8900,1.0100,,
$250 Wyndham Championship,2020-08-11T21:05:27.662274,estk_443bf2fd696df6831e0083f260619709,evt_443bf2fd696df683,Sebastian Munoz,PGA,65.05,,,,4.8900,1.0100,,
$250 Wyndham Championship,2020-08-11T21:05:27.662280,estk_443bf2fd696df683e3957215e84f7eab,evt_443bf2fd696df683,Charles Howell III,PGA,64.72,,,,4.7100,1.0000,,
$250 Wyndham Championship,2020-08-11T21:05:27.662284,estk_443bf2fd696df6833a3fd2efe45d4190,evt_443bf2fd696df683,Harold Varner III,PGA,64.62,,,,4.6800,1.0100,,
$250 Wyndham Championship,2020-08-11T21:05:27.662287,estk_443bf2fd696df6833f67e338f06084d7,evt_443bf2fd696df683,Troy Merritt,PGA,64.31,,,,4.5500,1.0100,,
$250 Wyndham Championship,2020-08-11T21:05:27.662291,estk_443bf2fd696df68328faa014509b0dcf,evt_443bf2fd696df683,Anirban Lahiri,PGA,64.12,,,,4.5200,1.0000,,
$250 Wyndham Championship,2020-08-11T21:05:27.662294,estk_443bf2fd696df6834fd2025821f57a83,evt_443bf2fd696df683,Brendon Todd,PGA,64.1,,,,4.4700,1.0100,,
$250 Wyndham Championship,2020-08-11T21:05:27.662298,estk_443bf2fd696df68319a50940b25d55c7,evt_443bf2fd696df683,Will Gordon,PGA,63.8,,,,4.3700,1.0100,,
$250 Wyndham Championship,2020-08-11T21:05:27.662301,estk_443bf2fd696df6831d4f740cf9f348cc,evt_443bf2fd696df683,Wyndham Clark,PGA,63.78,,,,4.3600,1.0000,,
$250 Wyndham Championship,2020-08-11T21:05:27.662306,estk_443bf2fd696df6838438cb80bd2eda1c,evt_443bf2fd696df683,Sam Ryder,PGA,63.79,,,,4.3400,1.0100,,
$250 Wyndham Championship,2020-08-11T21:05:27.662310,estk_443bf2fd696df683499f65e84c5a381b,evt_443bf2fd696df683,Jim Furyk,PGA,63.77,,,,4.3300,1.0000,,
$250 Wyndham Championship,2020-08-11T21:05:27.662313,estk_443bf2fd696df683d3db04808a1c74b0,evt_443bf2fd696df683,Jhonattan Vegas,PGA,63.3,,,,4.1800,1.0100,,
$250 Wyndham Championship,2020-08-11T21:05:27.662317,estk_443bf2fd696df68333cbfa0bc2c99848,evt_443bf2fd696df683,Charley Hoffman,PGA,63.29,,,,4.1700,,,
$250 Wyndham Championship,2020-08-11T21:05:27.662321,estk_443bf2fd696df6832417e84cbbd5324d,evt_443bf2fd696df683,Luke List,PGA,63.1,,,,4.1200,1.0100,,
$250 Wyndham Championship,2020-08-11T21:05:27.662325,estk_443bf2fd696df6838c0c59e9f95a36fc,evt_443bf2fd696df683,Graeme McDowell,PGA,63.04,,,,4.0900,1.0100,,
$250 Wyndham Championship,2020-08-11T21:05:27.662328,estk_443bf2fd696df683800e5acffcb2c354,evt_443bf2fd696df683,Bud Cauley,PGA,63.06,,,,4.0800,1.0100,,
$250 Wyndham Championship,2020-08-11T21:05:27.662332,estk_443bf2fd696df683f231f387a64bda8c,evt_443bf2fd696df683,Branden Grace,PGA,62.95,,,,4.0300,1.0100,,
$250 Wyndham Championship,2020-08-11T21:05:27.662336,estk_443bf2fd696df683a469dfc58a110587,evt_443bf2fd696df683,Brian Harman,PGA,62.74,,,,3.9600,1.0100,,
$250 Wyndham Championship,2020-08-11T21:05:27.662339,estk_443bf2fd696df683d6797fef070c38d6,evt_443bf2fd696df683,Brice Garnett,PGA,62.7,,,,3.9500,1.0100,,
$250 Wyndham Championship,2020-08-11T21:05:27.662343,estk_443bf2fd696df68399179e01f2c29013,evt_443bf2fd696df683,Aaron Wise,PGA,62.66,,,,3.9300,1.0000,,
$250 Wyndham Championship,2020-08-11T21:05:27.662346,estk_443bf2fd696df6834be0d7fc77429fae,evt_443bf2fd696df683,Sepp Straka,PGA,62.54,,,,3.9100,1.0000,,
$250 Wyndham Championship,2020-08-11T21:05:27.662352,estk_443bf2fd696df683dc45886d5b7d7c1b,evt_443bf2fd696df683,Russell Henley,PGA,62.48,,,,3.8800,1.0100,,
$250 Wyndham Championship,2020-08-11T21:05:27.662356,estk_443bf2fd696df683382b1670443dcf6e,evt_443bf2fd696df683,Keith Mitchell,PGA,62.05,,,,3.7200,1.0100,,
$250 Wyndham Championship,2020-08-11T21:05:27.662359,estk_443bf2fd696df6834710f47fa1e1d464,evt_443bf2fd696df683,Kiradech Aphibarnrat,PGA,61.97,,,,3.7000,1.0100,,
$250 Wyndham Championship,2020-08-11T21:05:27.662363,estk_443bf2fd696df68343668873521e8e14,evt_443bf2fd696df683,Matt Wallace,PGA,61.72,,,,3.6200,1.0000,,
$250 Wyndham Championship,2020-08-11T21:05:27.662367,estk_443bf2fd696df683ae4992823c10a96e,evt_443bf2fd696df683,Carlos Ortiz,PGA,61.66,,,,3.6100,1.0000,,
$250 Wyndham Championship,2020-08-11T21:05:27.662371,estk_443bf2fd696df68340e1350656ce7a59,evt_443bf2fd696df683,Brian Stuard,PGA,61.65,,,,3.6000,1.0000,,
$250 Wyndham Championship,2020-08-11T21:05:27.662374,estk_443bf2fd696df683bb1c6041a03f12aa,evt_443bf2fd696df683,Grayson Murray,PGA,61.56,,,,3.5500,1.0000,,
$250 Wyndham Championship,2020-08-11T21:05:27.662378,estk_443bf2fd696df6834a18d062074b38a6,evt_443bf2fd696df683,Scott Brown,PGA,61.37,,,,3.5100,1.0000,,
$250 Wyndham Championship,2020-08-11T21:05:27.662381,estk_443bf2fd696df683d579271267c1a31d,evt_443bf2fd696df683,J.J. Spaun,PGA,61,,,,3.3800,1.0000,,
$250 Wyndham Championship,2020-08-11T21:05:27.662385,estk_443bf2fd696df68388df85a652008d25,evt_443bf2fd696df683,Shane Lowry,PGA,60.89,,,,3.3600,1.0000,,
$250 Wyndham Championship,2020-08-11T21:05:27.662388,estk_443bf2fd696df683294a661cf9329079,evt_443bf2fd696df683,Danny Willett,PGA,60.7,,,,3.2700,1.0000,,
$250 Wyndham Championship,2020-08-11T21:05:27.662392,estk_443bf2fd696df683e1d8c1ca5645a0d9,evt_443bf2fd696df683,Peter Malnati,PGA,60.56,,,,3.2600,1.0000,,
$250 Wyndham Championship,2020-08-11T21:05:27.662395,estk_443bf2fd696df683a2ae7a7605b3a52e,evt_443bf2fd696df683,Denny McCarthy,PGA,60.54,,,,3.2500,1.0100,,
$250 Wyndham Championship,2020-08-11T21:05:27.662398,estk_443bf2fd696df683a76ce6b76eb4f61c,evt_443bf2fd696df683,Tom Hoge,PGA,60.34,,,,3.1900,1.0000,,
$250 Wyndham Championship,2020-08-11T21:05:27.662402,estk_443bf2fd696df683a994dc6df42c2b1e,evt_443bf2fd696df683,Nate Lashley,PGA,60.22,,,,3.1300,1.0000,,
$250 Wyndham Championship,2020-08-11T21:05:27.662406,estk_443bf2fd696df68317a7bca076b02aaf,evt_443bf2fd696df683,Patton Kizzire,PGA,60.1,,,,3.1100,1.0000,,
$250 Wyndham Championship,2020-08-11T21:05:27.662409,estk_443bf2fd696df68352583207eaa894b7,evt_443bf2fd696df683,Scott Stallings,PGA,59.87,,,,3.0800,1.0000,,
$250 Wyndham Championship,2020-08-11T21:05:27.662412,estk_443bf2fd696df6834e281614612a121e,evt_443bf2fd696df683,Nick Watney,PGA,59.96,,,,3.0400,1.0100,,
$250 Wyndham Championship,2020-08-11T21:05:27.662416,estk_443bf2fd696df6834e3c375c77ca101d,evt_443bf2fd696df683,Tyler Duncan,PGA,59.65,,,,3.0000,1.0000,,
$250 Wyndham Championship,2020-08-11T21:05:27.662420,estk_443bf2fd696df683404d8fe8b6d05439,evt_443bf2fd696df683,Andrew Landry,PGA,59.48,,,,2.9300,1.0000,,
$250 Wyndham Championship,2020-08-11T21:05:27.662423,estk_443bf2fd696df68365604bfabf5b2d5d,evt_443bf2fd696df683,Carl Pettersson,PGA,59.4,,,,2.9300,1.0000,,
$250 Wyndham Championship,2020-08-11T21:05:27.662427,estk_443bf2fd696df6832c5fe4fc381997fe,evt_443bf2fd696df683,Fabian Gomez,PGA,59.36,,,,2.9100,1.0000,,
$250 Wyndham Championship,2020-08-11T21:05:27.662430,estk_443bf2fd696df683d271cdd16d885fa0,evt_443bf2fd696df683,Ted Potter Jr.,PGA,59.24,,,,2.8700,1.0000,,
$250 Wyndham Championship,2020-08-11T21:05:27.662434,estk_443bf2fd696df683edbbe9a8a4e2367d,evt_443bf2fd696df683,Maverick McNealy,PGA,59.19,,,,2.8700,1.0000,,
$250 Wyndham Championship,2020-08-11T21:05:27.662440,estk_443bf2fd696df683f1c1c5d688ad50b6,evt_443bf2fd696df683,Danny Lee,PGA,59.08,,,,2.8300,1.0000,,
$250 Wyndham Championship,2020-08-11T21:05:27.662443,estk_443bf2fd696df6835a15f2b217b495d5,evt_443bf2fd696df683,Adam Schenk,PGA,59,,,,2.8200,1.0100,,
$250 Wyndham Championship,2020-08-11T21:05:27.662447,estk_443bf2fd696df6839e26fd7ec152425f,evt_443bf2fd696df683,David Hearn,PGA,59,,,,2.8100,,,
$250 Wyndham Championship,2020-08-11T21:05:27.662450,estk_443bf2fd696df68301c765712de170ec,evt_443bf2fd696df683,Sung Kang,PGA,58.79,,,,2.7500,1.0000,,
$250 Wyndham Championship,2020-08-11T21:05:27.662454,estk_443bf2fd696df683a0281ba5dadc7019,evt_443bf2fd696df683,Matt Jones,PGA,58.49,,,,2.6800,1.0000,,
$250 Wyndham Championship,2020-08-11T21:05:27.662457,estk_443bf2fd696df6836e6bae282dbde85d,evt_443bf2fd696df683,Jason Dufner,PGA,58.22,,,,2.6200,1.0000,,
$250 Wyndham Championship,2020-08-11T21:05:27.662461,estk_443bf2fd696df683b4845ab74ec88005,evt_443bf2fd696df683,Zac Blair,PGA,58.25,,,,2.6100,1.0000,,
$250 Wyndham Championship,2020-08-11T21:05:27.662466,estk_443bf2fd696df68377fd9b76bcb7f6ea,evt_443bf2fd696df683,Henrik Norlander,PGA,58.17,,,,2.6000,1.0000,,
$250 Wyndham Championship,2020-08-11T21:05:27.662470,estk_443bf2fd696df6834fd145a9bc28b2e7,evt_443bf2fd696df683,Bill Haas,PGA,57.85,,,,2.5400,1.0000,,
$250 Wyndham Championship,2020-08-11T21:05:27.662473,estk_443bf2fd696df68384ff1e749f17166c,evt_443bf2fd696df683,Seamus Power,PGA,57.59,,,,2.4700,1.0000,,
$250 Wyndham Championship,2020-08-11T21:05:27.662477,estk_443bf2fd696df683b465c84810010b77,evt_443bf2fd696df683,Aaron Baddeley,PGA,57.47,,,,2.4400,1.0000,,
$250 Wyndham Championship,2020-08-11T21:05:27.662480,estk_443bf2fd696df6832363d8ed897ee473,evt_443bf2fd696df683,Bronson Burgoon,PGA,56.93,,,,2.3500,1.0000,,
$250 Wyndham Championship,2020-08-11T21:05:27.662484,estk_443bf2fd696df68363ec4e5033098e73,evt_443bf2fd696df683,Charl Schwartzel,PGA,56.64,,,,2.2700,1.0000,,
$250 Wyndham Championship,2020-08-11T21:05:27.662487,estk_443bf2fd696df6838145ed04e6806109,evt_443bf2fd696df683,Beau Hossler,PGA,56.59,,,,2.2700,1.0000,,
$250 Wyndham Championship,2020-08-11T21:05:27.662491,estk_443bf2fd696df68351313c80a6582bc4,evt_443bf2fd696df683,Jim Herman,PGA,56.44,,,,2.2200,1.0000,,
$250 Wyndham Championship,2020-08-11T21:05:27.662495,estk_443bf2fd696df683545854725c047326,evt_443bf2fd696df683,Pat Perez,PGA,55.92,,,,2.1300,,,
$250 Wyndham Championship,2020-08-11T21:05:27.662498,estk_443bf2fd696df68362eb66f5e498495a,evt_443bf2fd696df683,Roger Sloan,PGA,55.72,,,,2.0800,1.0000,,
$250 Wyndham Championship,2020-08-11T21:05:27.662501,estk_443bf2fd696df683c8c93926f7b1c7b6,evt_443bf2fd696df683,Hank Lebioda,PGA,55.62,,,,2.0800,1.0000,,
$250 Wyndham Championship,2020-08-11T21:05:27.662505,estk_443bf2fd696df683408e07cab14ecb5c,evt_443bf2fd696df683,Kyoung-Hoon Lee,PGA,54.78,,,,1.9400,1.0000,,
$250 Wyndham Championship,2020-08-11T21:05:27.662509,estk_443bf2fd696df683e89354ed4f13852c,evt_443bf2fd696df683,Sam Burns,PGA,54.52,,,,1.8900,1.0000,,
$250 Wyndham Championship,2020-08-11T21:05:27.662512,estk_443bf2fd696df68340a0595b15d497b5,evt_443bf2fd696df683,Cameron Davis,PGA,54.41,,,,1.8800,,,
$250 Wyndham Championship,2020-08-11T21:05:27.662515,estk_443bf2fd696df68398b6c3ebf18a16bb,evt_443bf2fd696df683,Chris Stroud,PGA,54.08,,,,1.8400,1.0000,,
$250 Wyndham Championship,2020-08-11T21:05:27.662519,estk_443bf2fd696df683c3b1c969ee8fc8ed,evt_443bf2fd696df683,D.J. Trahan,PGA,54.2,,,,1.8300,1.0000,,
$250 Wyndham Championship,2020-08-11T21:05:27.662522,estk_443bf2fd696df6834f70a08a1a272573,evt_443bf2fd696df683,Talor Gooch,PGA,53.84,,,,1.8100,1.0000,,
$250 Wyndham Championship,2020-08-11T21:05:27.662526,estk_443bf2fd696df683bafdc1b3d806a361,evt_443bf2fd696df683,Kramer Hickok,PGA,53.83,,,,1.8100,1.0000,,
$250 Wyndham Championship,2020-08-11T21:05:27.662532,estk_443bf2fd696df68319828383a43b2168,evt_443bf2fd696df683,Bo Hoag,PGA,53.41,,,,1.7500,1.0000,,
$250 Wyndham Championship,2020-08-11T21:05:27.662537,estk_443bf2fd696df6839833b63def7a8a43,evt_443bf2fd696df683,Scott Harrington,PGA,53.36,,,,1.7400,1.0000,,
$250 Wyndham Championship,2020-08-11T21:05:27.662541,estk_443bf2fd696df68369ddb55eb2327133,evt_443bf2fd696df683,Bo Van Pelt,PGA,53.27,,,,1.7300,1.0000,,
$250 Wyndham Championship,2020-08-11T21:05:27.662545,estk_443bf2fd696df68308a1e3f033f987a2,evt_443bf2fd696df683,Davis Love III,PGA,53.18,,,,1.7200,1.0000,,
$250 Wyndham Championship,2020-08-11T21:05:27.662548,estk_443bf2fd696df6835936e6a0df92674f,evt_443bf2fd696df683,Xinjun Zhang,PGA,53.04,,,,1.6900,1.0000,,
$250 Wyndham Championship,2020-08-11T21:05:27.662552,estk_443bf2fd696df683534ac8d88803e8dc,evt_443bf2fd696df683,Doug Ghim,PGA,52.54,,,,1.6400,1.0000,,
$250 Wyndham Championship,2020-08-11T21:05:27.662555,estk_443bf2fd696df683a9cf9571ae8d1395,evt_443bf2fd696df683,Adam Long,PGA,52.51,,,,1.6300,,,
$250 Wyndham Championship,2020-08-11T21:05:27.662558,estk_443bf2fd696df683a861e54085d1dfe9,evt_443bf2fd696df683,Rob Oppenheim,PGA,52.45,,,,1.6300,1.0000,,
$250 Wyndham Championship,2020-08-11T21:05:27.662562,estk_443bf2fd696df68324767e7a4d8ae0f3,evt_443bf2fd696df683,Mark Hubbard,PGA,52.55,,,,1.6200,1.0000,,
$250 Wyndham Championship,2020-08-11T21:05:27.662565,estk_443bf2fd696df68338fd81a2786ff8f6,evt_443bf2fd696df683,Luke Donald,PGA,52.54,,,,1.6200,1.0000,,
$250 Wyndham Championship,2020-08-11T21:05:27.662569,estk_443bf2fd696df6835317d662f6397957,evt_443bf2fd696df683,Arjun Atwal,PGA,52.36,,,,1.6100,1.0000,,
$250 Wyndham Championship,2020-08-11T21:05:27.662572,estk_443bf2fd696df68345d0540e3088a5bb,evt_443bf2fd696df683,John Senden,PGA,52.32,,,,1.6000,1.0000,,
$250 Wyndham Championship,2020-08-11T21:05:27.662576,estk_443bf2fd696df683b64bcd1f5a174b84,evt_443bf2fd696df683,Matthew NeSmith,PGA,52.02,,,,1.5800,1.0000,,
$250 Wyndham Championship,2020-08-11T21:05:27.662579,estk_443bf2fd696df68389f9105a1c873f96,evt_443bf2fd696df683,Tyler McCumber,PGA,51.92,,,,1.5600,,,
$250 Wyndham Championship,2020-08-11T21:05:27.662583,estk_443bf2fd696df6836c585da9e4b2ba79,evt_443bf2fd696df683,Tom Lewis,PGA,51.87,,,,1.5600,1.0000,,
$250 Wyndham Championship,2020-08-11T21:05:27.662586,estk_443bf2fd696df683bf7563f8d908b8a5,evt_443bf2fd696df683,Tim Wilkinson,PGA,51.79,,,,1.5500,1.0000,,
$250 Wyndham Championship,2020-08-11T21:05:27.662590,estk_443bf2fd696df6834055c2393a3434be,evt_443bf2fd696df683,Kristoffer Ventura,PGA,51.33,,,,1.5000,1.0000,,
$250 Wyndham Championship,2020-08-11T21:05:27.662593,estk_443bf2fd696df683581730aeecfe5742,evt_443bf2fd696df683,David Berganio,PGA,51.28,,,,1.5000,1.0000,,
$250 Wyndham Championship,2020-08-11T21:05:27.662596,estk_443bf2fd696df683194d0643ec6a54ff,evt_443bf2fd696df683,Michael Gligic,PGA,51.16,,,,1.4900,,,
$250 Wyndham Championship,2020-08-11T21:05:27.662600,estk_443bf2fd696df68320ad6ea6094c9107,evt_443bf2fd696df683,Mark Anderson,PGA,51.16,,,,1.4900,1.0000,,
$250 Wyndham Championship,2020-08-11T21:05:27.662603,estk_443bf2fd696df683f1e17b95dcfcf25d,evt_443bf2fd696df683,Akshay Bhatia,PGA,51.16,,,,1.4800,,,
$250 Wyndham Championship,2020-08-11T21:05:27.662606,estk_443bf2fd696df683c888e6940b828845,evt_443bf2fd696df683,Joseph Bramlett,PGA,51.11,,,,1.4800,1.0000,,
$250 Wyndham Championship,2020-08-11T21:05:27.662610,estk_443bf2fd696df683f2aa8d83ef18ae5d,evt_443bf2fd696df683,Matt Every,PGA,50.36,,,,1.4200,1.0000,,
$250 Wyndham Championship,2020-08-11T21:05:27.662614,estk_443bf2fd696df683287d78ec15ac0462,evt_443bf2fd696df683,Martin Trainer,PGA,50.26,,,,1.4100,1.0000,,
$250 Wyndham Championship,2020-08-11T21:05:27.662618,estk_443bf2fd696df683821b69f74a47b531,evt_443bf2fd696df683,Chris Kirk,PGA,49.85,,,,1.3800,1.0000,,
$250 Wyndham Championship,2020-08-11T21:05:27.662624,estk_443bf2fd696df683458d2668c7692dc5,evt_443bf2fd696df683,Brandon Hagy,PGA,49.52,,,,1.3500,1.0000,,
$250 Wyndham Championship,2020-08-11T21:05:27.662627,estk_443bf2fd696df6839a1bbfc930ac6051,evt_443bf2fd696df683,Robert Streb,PGA,49.37,,,,1.3400,1.0000,,
$250 Wyndham Championship,2020-08-11T21:05:27.662631,estk_443bf2fd696df6838b6717c659739b18,evt_443bf2fd696df683,Michael Kim,PGA,49.31,,,,1.3400,,,
$250 Wyndham Championship,2020-08-11T21:05:27.662634,estk_443bf2fd696df68364349aca49ddf059,evt_443bf2fd696df683,Austin Cook,PGA,49,,,,1.3300,1.0000,,
$250 Wyndham Championship,2020-08-11T21:05:27.662638,estk_443bf2fd696df68360e6f2aa7e058964,evt_443bf2fd696df683,Tommy Fleetwood,PGA,0,,,,1.0000,1.0000,,
$250 Wyndham Championship,2020-08-11T21:05:27.662641,estk_443bf2fd696df683277e17576c06f23a,evt_443bf2fd696df683,Abraham Ancer,PGA,0,,,,1.0000,1.0000,,
$250 Wyndham Championship,2020-08-11T21:05:27.662645,estk_443bf2fd696df683af335bc9711cd18a,evt_443bf2fd696df683,Lanto Griffin,PGA,0,,,,1.0000,1.0000,,
$250 Wyndham Championship,2020-08-11T21:05:27.662648,estk_443bf2fd696df683bd95a61ddc89f373,evt_443bf2fd696df683,Vaughn Taylor,PGA,0,,,,1.0000,1.0000,,
$250 Wyndham Championship,2020-08-13T01:08:04.388859,estk_443bf2fd696df683503f60443b3bd112,evt_443bf2fd696df683,Webb Simpson,PGA,79.15,79.15,0,0,12.8000,12.3200,14.5500,
$250 Wyndham Championship,2020-08-13T01:08:04.388889,estk_443bf2fd696df68303fcb99bd098267b,evt_443bf2fd696df683,Patrick Reed,PGA,78.09,78.09,0,0,12.1000,11.6600,13.8200,
$250 Wyndham Championship,2020-08-13T01:08:04.388894,estk_443bf2fd696df68330ccd165c4aa611d,evt_443bf2fd696df683,Brooks Koepka,PGA,76.15,76.15,0,0,10.7800,10.3700,12.4500,
$250 Wyndham Championship,2020-08-13T01:08:04.388899,estk_443bf2fd696df683db5881f101cec470,evt_443bf2fd696df683,Justin Rose,PGA,74.58,74.58,0,0,9.7500,9.3800,11.4300,
$250 Wyndham Championship,2020-08-13T01:08:04.388903,estk_443bf2fd696df683e64a0e6fb2b31683,evt_443bf2fd696df683,Rafa Cabrera Bello,PGA,71.6,71.6,0,0,8.0000,7.6600,9.6400,
$250 Wyndham Championship,2020-08-13T01:08:04.388907,estk_443bf2fd696df6836cf2ca706ee5c6ba,evt_443bf2fd696df683,Zach Johnson,PGA,70.96,70.96,0,0,7.5800,7.3000,9.3100,
$250 Wyndham Championship,2020-08-13T01:08:04.388911,estk_443bf2fd696df683a251d6b9cc0a07e5,evt_443bf2fd696df683,Sungjae Im,PGA,70.86,70.86,0,0,7.5800,7.2700,9.2200,
$250 Wyndham Championship,2020-08-13T01:08:04.388915,estk_443bf2fd696df6835e6a5c337da2b39d,evt_443bf2fd696df683,Matthias Schwab,PGA,70.52,70.52,0,0,7.4100,7.0800,9.0400,
$250 Wyndham Championship,2020-08-13T01:08:04.388919,estk_443bf2fd696df683dda748b4200f22bf,evt_443bf2fd696df683,Paul Casey,PGA,70.47,70.47,0,0,7.3600,7.0500,9.0500,
$250 Wyndham Championship,2020-08-13T01:08:04.388923,estk_443bf2fd696df683694b41dae4b8654f,evt_443bf2fd696df683,Lucas Glover,PGA,70.44,70.44,0,0,7.3500,7.0500,9.0400,
$250 Wyndham Championship,2020-08-13T01:08:04.388927,estk_443bf2fd696df683170130e9fa731e23,evt_443bf2fd696df683,Jason Kokrak,PGA,69.7,69.7,0,0,6.9700,6.6600,8.5900,
$250 Wyndham Championship,2020-08-13T01:08:04.388931,estk_443bf2fd696df6832ab98d8a9a770fd5,evt_443bf2fd696df683,Jordan Spieth,PGA,69.68,69.68,0,0,6.9500,6.6500,8.6000,
$250 Wyndham Championship,2020-08-13T01:08:04.388935,estk_443bf2fd696df68356ab6ba90ba02e56,evt_443bf2fd696df683,Joaquin Niemann,PGA,69.43,69.43,0,0,6.8100,6.5200,8.4900,
$250 Wyndham Championship,2020-08-13T01:08:04.388939,estk_443bf2fd696df68391386b499e2742a4,evt_443bf2fd696df683,Ryan Moore,PGA,68.9,68.9,0,0,6.5800,6.2800,8.1800,
$250 Wyndham Championship,2020-08-13T01:08:04.388943,estk_443bf2fd696df6831fc545ba8ac8cb0b,evt_443bf2fd696df683,Rory Sabbatini,PGA,68.41,68.41,0,0,6.3200,6.0300,7.9900,
$250 Wyndham Championship,2020-08-13T01:08:04.388947,estk_443bf2fd696df683d8f0d69f88d3691a,evt_443bf2fd696df683,Doc Redman,PGA,68.27,68.27,0,0,6.3100,5.9600,7.8800,
$250 Wyndham Championship,2020-08-13T01:08:04.388952,estk_443bf2fd696df6834e5af02280177635,evt_443bf2fd696df683,Si Woo Kim,PGA,68.37,68.37,0,0,6.2900,6.0400,7.9200,
$250 Wyndham Championship,2020-08-13T01:08:04.388956,estk_443bf2fd696df6834c6653517cec92a3,evt_443bf2fd696df683,Russell Knox,PGA,68.26,68.26,0,0,6.2700,5.9900,7.8500,
$250 Wyndham Championship,2020-08-13T01:08:04.388959,estk_443bf2fd696df683727afcd55bf28e15,evt_443bf2fd696df683,Brandt Snedeker,PGA,68.02,68.02,0,0,6.1100,5.8700,7.7500,
$250 Wyndham Championship,2020-08-13T01:08:04.388963,estk_443bf2fd696df6831ca8635140548cc5,evt_443bf2fd696df683,Harris English,PGA,67.04,67.04,0,0,5.6900,5.4300,7.3300,
$250 Wyndham Championship,2020-08-13T01:08:04.388967,estk_443bf2fd696df683e71bc53e996275e5,evt_443bf2fd696df683,Brian Gay,PGA,66.9,66.9,0,0,5.6100,5.3900,7.2400,
$250 Wyndham Championship,2020-08-13T01:08:04.388970,estk_443bf2fd696df683938149290ef83c69,evt_443bf2fd696df683,Cameron Percy,PGA,66.88,66.88,0,0,5.6100,5.3600,7.2100,
$250 Wyndham Championship,2020-08-13T01:08:04.388974,estk_443bf2fd696df68399495eb9a3c8aa25,evt_443bf2fd696df683,Kevin Kisner,PGA,66.1,66.1,0,0,5.2700,5.0700,6.8300,
$250 Wyndham Championship,2020-08-13T01:08:04.388978,estk_443bf2fd696df6831ce4da0ea7a969fb,evt_443bf2fd696df683,Kevin Tway,PGA,66.02,66.02,0,0,5.2400,5.0100,6.8600,
$250 Wyndham Championship,2020-08-13T01:08:04.388982,estk_443bf2fd696df683f0b722aa359b7f95,evt_443bf2fd696df683,Scott Piercy,PGA,65.93,65.93,0,0,5.2300,4.9900,6.8200,
$250 Wyndham Championship,2020-08-13T01:08:04.388986,estk_443bf2fd696df6833544479351e1ff63,evt_443bf2fd696df683,Billy Horschel,PGA,66.02,66.02,0,0,5.2200,5.0400,6.8200,
$250 Wyndham Championship,2020-08-13T01:08:04.388990,estk_443bf2fd696df683467812ddab873919,evt_443bf2fd696df683,J.T. Poston,PGA,65.95,65.95,0,0,5.2200,4.9800,6.8100,
$250 Wyndham Championship,2020-08-13T01:08:04.388994,estk_443bf2fd696df683017972156cc3fd8e,evt_443bf2fd696df683,Stewart Cink,PGA,65.69,65.69,0,0,5.1100,4.8900,6.6700,
$250 Wyndham Championship,2020-08-13T01:08:04.388998,estk_443bf2fd696df683f9b7e49ec070a617,evt_443bf2fd696df683,Chesson Hadley,PGA,65.59,65.59,0,0,5.0800,4.8400,6.6500,
$250 Wyndham Championship,2020-08-13T01:08:04.389002,estk_443bf2fd696df6833669473c95ba1329,evt_443bf2fd696df683,C.T. Pan,PGA,65.55,65.55,0,0,5.0700,4.8400,6.6600,
$250 Wyndham Championship,2020-08-13T01:08:04.389006,estk_443bf2fd696df68337a8104a8070199b,evt_443bf2fd696df683,Ryan Armour,PGA,65.44,65.44,0,0,5.0000,4.7800,6.6000,
$250 Wyndham Championship,2020-08-13T01:08:04.389011,estk_443bf2fd696df683bdc437a37a2c4345,evt_443bf2fd696df683,Patrick Rodgers,PGA,65.45,65.45,0,0,4.9800,4.8000,6.6400,
$250 Wyndham Championship,2020-08-13T01:08:04.389015,estk_443bf2fd696df6838b9d725b59bb9f58,evt_443bf2fd696df683,Kyle Stanley,PGA,65.3,65.3,0,0,4.9500,4.7500,6.5200,
$250 Wyndham Championship,2020-08-13T01:08:04.389019,estk_443bf2fd696df683a5e32548021abe19,evt_443bf2fd696df683,Chez Reavie,PGA,65.24,65.24,0,0,4.9200,4.7100,6.5300,
$250 Wyndham Championship,2020-08-13T01:08:04.389023,estk_443bf2fd696df683f8ddff16f2dbed28,evt_443bf2fd696df683,Corey Conners,PGA,65.07,65.07,0,0,4.8500,4.6500,6.4500,
$250 Wyndham Championship,2020-08-13T01:08:04.389027,estk_443bf2fd696df6831e0083f260619709,evt_443bf2fd696df683,Sebastian Munoz,PGA,65.05,65.05,0,0,4.8000,4.6500,6.4600,
$250 Wyndham Championship,2020-08-13T01:08:04.389032,estk_443bf2fd696df683e3957215e84f7eab,evt_443bf2fd696df683,Charles Howell III,PGA,64.72,64.72,0,0,4.6800,4.5300,6.2800,
$250 Wyndham Championship,2020-08-13T01:08:04.389036,estk_443bf2fd696df6833a3fd2efe45d4190,evt_443bf2fd696df683,Harold Varner III,PGA,64.62,64.62,0,0,4.6700,4.4900,6.2600,
$250 Wyndham Championship,2020-08-13T01:08:04.389039,estk_443bf2fd696df6833f67e338f06084d7,evt_443bf2fd696df683,Troy Merritt,PGA,64.31,64.31,0,0,4.5400,4.3800,6.1500,
$250 Wyndham Championship,2020-08-13T01:08:04.389043,estk_443bf2fd696df6834fd2025821f57a83,evt_443bf2fd696df683,Brendon Todd,PGA,64.1,64.1,0,0,4.4700,4.3000,6.0300,
$250 Wyndham Championship,2020-08-13T01:08:04.389047,estk_443bf2fd696df68328faa014509b0dcf,evt_443bf2fd696df683,Anirban Lahiri,PGA,64.12,64.12,0,0,4.4500,4.3000,6.0900,
$250 Wyndham Championship,2020-08-13T01:08:04.389051,estk_443bf2fd696df6838438cb80bd2eda1c,evt_443bf2fd696df683,Sam Ryder,PGA,63.79,63.79,0,0,4.3900,4.1900,5.9300,
$250 Wyndham Championship,2020-08-13T01:08:04.389055,estk_443bf2fd696df6831d4f740cf9f348cc,evt_443bf2fd696df683,Wyndham Clark,PGA,63.78,63.78,0,0,4.3800,4.1800,5.9400,
$250 Wyndham Championship,2020-08-13T01:08:04.389058,estk_443bf2fd696df683499f65e84c5a381b,evt_443bf2fd696df683,Jim Furyk,PGA,63.77,63.77,0,0,4.3700,4.1800,5.9300,
$250 Wyndham Championship,2020-08-13T01:08:04.389062,estk_443bf2fd696df68319a50940b25d55c7,evt_443bf2fd696df683,Will Gordon,PGA,63.8,63.8,0,0,4.3500,4.1900,5.9400,
$250 Wyndham Championship,2020-08-13T01:08:04.389066,estk_443bf2fd696df683d3db04808a1c74b0,evt_443bf2fd696df683,Jhonattan Vegas,PGA,63.3,63.3,0,0,4.1700,4.0200,5.7800,
$250 Wyndham Championship,2020-08-13T01:08:04.389070,estk_443bf2fd696df68333cbfa0bc2c99848,evt_443bf2fd696df683,Charley Hoffman,PGA,63.29,63.29,0,0,4.1700,4.0200,5.7800,
$250 Wyndham Championship,2020-08-13T01:08:04.389075,estk_443bf2fd696df6832417e84cbbd5324d,evt_443bf2fd696df683,Luke List,PGA,63.1,63.1,0,0,4.1200,3.9500,5.6900,
$250 Wyndham Championship,2020-08-13T01:08:04.389079,estk_443bf2fd696df683800e5acffcb2c354,evt_443bf2fd696df683,Bud Cauley,PGA,63.06,63.06,0,0,4.0800,3.9500,5.6700,
$250 Wyndham Championship,2020-08-13T01:08:04.389083,estk_443bf2fd696df6838c0c59e9f95a36fc,evt_443bf2fd696df683,Graeme McDowell,PGA,63.04,63.04,0,0,4.0700,3.9300,5.6700,
$250 Wyndham Championship,2020-08-13T01:08:04.389087,estk_443bf2fd696df683f231f387a64bda8c,evt_443bf2fd696df683,Branden Grace,PGA,62.95,62.95,0,0,4.0500,3.9100,5.6400,
$250 Wyndham Championship,2020-08-13T01:08:04.389091,estk_443bf2fd696df68399179e01f2c29013,evt_443bf2fd696df683,Aaron Wise,PGA,62.66,62.66,0,0,4.0000,3.8200,5.5300,
$250 Wyndham Championship,2020-08-13T01:08:04.389094,estk_443bf2fd696df683a469dfc58a110587,evt_443bf2fd696df683,Brian Harman,PGA,62.74,62.74,0,0,3.9900,3.8300,5.5400,
$250 Wyndham Championship,2020-08-13T01:08:04.389098,estk_443bf2fd696df683d6797fef070c38d6,evt_443bf2fd696df683,Brice Garnett,PGA,62.7,62.7,0,0,3.9900,3.8200,5.5300,
$250 Wyndham Championship,2020-08-13T01:08:04.389102,estk_443bf2fd696df6834be0d7fc77429fae,evt_443bf2fd696df683,Sepp Straka,PGA,62.54,62.54,0,0,3.9000,3.7700,5.5000,
$250 Wyndham Championship,2020-08-13T01:08:04.389106,estk_443bf2fd696df683dc45886d5b7d7c1b,evt_443bf2fd696df683,Russell Henley,PGA,62.48,62.48,0,0,3.8900,3.7600,5.4800,
$250 Wyndham Championship,2020-08-13T01:08:04.389110,estk_443bf2fd696df683382b1670443dcf6e,evt_443bf2fd696df683,Keith Mitchell,PGA,62.05,62.05,0,0,3.7700,3.6200,5.3400,
$250 Wyndham Championship,2020-08-13T01:08:04.389114,estk_443bf2fd696df6834710f47fa1e1d464,evt_443bf2fd696df683,Kiradech Aphibarnrat,PGA,61.97,61.97,0,0,3.7500,3.6000,5.2900,
$250 Wyndham Championship,2020-08-13T01:08:04.389118,estk_443bf2fd696df68343668873521e8e14,evt_443bf2fd696df683,Matt Wallace,PGA,61.72,61.72,0,0,3.6500,3.5100,5.2300,
$250 Wyndham Championship,2020-08-13T01:08:04.389122,estk_443bf2fd696df683ae4992823c10a96e,evt_443bf2fd696df683,Carlos Ortiz,PGA,61.66,61.66,0,0,3.6300,3.5000,5.2000,
$250 Wyndham Championship,2020-08-13T01:08:04.389126,estk_443bf2fd696df68340e1350656ce7a59,evt_443bf2fd696df683,Brian Stuard,PGA,61.65,61.65,0,0,3.6300,3.5000,5.2100,
$250 Wyndham Championship,2020-08-13T01:08:04.389129,estk_443bf2fd696df683bb1c6041a03f12aa,evt_443bf2fd696df683,Grayson Murray,PGA,61.56,61.56,0,0,3.6000,3.4800,5.1500,
$250 Wyndham Championship,2020-08-13T01:08:04.389133,estk_443bf2fd696df6834a18d062074b38a6,evt_443bf2fd696df683,Scott Brown,PGA,61.37,61.37,0,0,3.5600,3.4200,5.1200,
$250 Wyndham Championship,2020-08-13T01:08:04.389137,estk_443bf2fd696df683d579271267c1a31d,evt_443bf2fd696df683,J.J. Spaun,PGA,61,61,0,0,3.4000,3.3100,5.0100,
$250 Wyndham Championship,2020-08-13T01:08:04.389140,estk_443bf2fd696df68388df85a652008d25,evt_443bf2fd696df683,Shane Lowry,PGA,60.89,60.89,0,0,3.3800,3.2800,4.9800,
$250 Wyndham Championship,2020-08-13T01:08:04.389144,estk_443bf2fd696df683294a661cf9329079,evt_443bf2fd696df683,Danny Willett,PGA,60.7,60.7,0,0,3.3500,3.2300,4.9200,
$250 Wyndham Championship,2020-08-13T01:08:04.389148,estk_443bf2fd696df683e1d8c1ca5645a0d9,evt_443bf2fd696df683,Peter Malnati,PGA,60.56,60.56,0,0,3.3200,3.2000,4.8900,
$250 Wyndham Championship,2020-08-13T01:08:04.389152,estk_443bf2fd696df683a2ae7a7605b3a52e,evt_443bf2fd696df683,Denny McCarthy,PGA,60.54,60.54,0,0,3.3000,3.1900,4.8700,
$250 Wyndham Championship,2020-08-13T01:08:04.389155,estk_443bf2fd696df683a76ce6b76eb4f61c,evt_443bf2fd696df683,Tom Hoge,PGA,60.34,60.34,0,0,3.2200,3.1600,4.7900,
$250 Wyndham Championship,2020-08-13T01:08:04.389159,estk_443bf2fd696df68317a7bca076b02aaf,evt_443bf2fd696df683,Patton Kizzire,PGA,60.1,60.1,0,0,3.2100,3.0700,4.7300,
$250 Wyndham Championship,2020-08-13T01:08:04.389163,estk_443bf2fd696df683a994dc6df42c2b1e,evt_443bf2fd696df683,Nate Lashley,PGA,60.22,60.22,0,0,3.2000,3.1100,4.7800,
$250 Wyndham Championship,2020-08-13T01:08:04.389167,estk_443bf2fd696df6834e281614612a121e,evt_443bf2fd696df683,Nick Watney,PGA,59.96,59.96,0,0,3.1300,3.0300,4.7000,
$250 Wyndham Championship,2020-08-13T01:08:04.389171,estk_443bf2fd696df68352583207eaa894b7,evt_443bf2fd696df683,Scott Stallings,PGA,59.87,59.87,0,0,3.1100,3.0100,4.6900,
$250 Wyndham Championship,2020-08-13T01:08:04.389176,estk_443bf2fd696df6834e3c375c77ca101d,evt_443bf2fd696df683,Tyler Duncan,PGA,59.65,59.65,0,0,3.0600,2.9500,4.6200,
$250 Wyndham Championship,2020-08-13T01:08:04.389180,estk_443bf2fd696df68365604bfabf5b2d5d,evt_443bf2fd696df683,Carl Pettersson,PGA,59.4,59.4,0,0,3.0100,2.9100,4.5600,
$250 Wyndham Championship,2020-08-13T01:08:04.389184,estk_443bf2fd696df683404d8fe8b6d05439,evt_443bf2fd696df683,Andrew Landry,PGA,59.48,59.48,0,0,3.0000,2.9100,4.5900,
$250 Wyndham Championship,2020-08-13T01:08:04.389188,estk_443bf2fd696df6832c5fe4fc381997fe,evt_443bf2fd696df683,Fabian Gomez,PGA,59.36,59.36,0,0,2.9700,2.8800,4.5600,
$250 Wyndham Championship,2020-08-13T01:08:04.389192,estk_443bf2fd696df683d271cdd16d885fa0,evt_443bf2fd696df683,Ted Potter Jr.,PGA,59.24,59.24,0,0,2.9400,2.8700,4.4800,
$250 Wyndham Championship,2020-08-13T01:08:04.389196,estk_443bf2fd696df683edbbe9a8a4e2367d,evt_443bf2fd696df683,Maverick McNealy,PGA,59.19,59.19,0,0,2.9400,2.8500,4.4800,
$250 Wyndham Championship,2020-08-13T01:08:04.389200,estk_443bf2fd696df683f1c1c5d688ad50b6,evt_443bf2fd696df683,Danny Lee,PGA,59.08,59.08,0,0,2.9200,2.8100,4.4700,
$250 Wyndham Championship,2020-08-13T01:08:04.389203,estk_443bf2fd696df6835a15f2b217b495d5,evt_443bf2fd696df683,Adam Schenk,PGA,59,59,0,0,2.9200,2.8100,4.4700,
$250 Wyndham Championship,2020-08-13T01:08:04.389207,estk_443bf2fd696df6839e26fd7ec152425f,evt_443bf2fd696df683,David Hearn,PGA,59,59,0,0,2.9100,2.7900,4.4500,
$250 Wyndham Championship,2020-08-13T01:08:04.389211,estk_443bf2fd696df68301c765712de170ec,evt_443bf2fd696df683,Sung Kang,PGA,58.79,58.79,0,0,2.8500,2.7500,4.4000,
$250 Wyndham Championship,2020-08-13T01:08:04.389215,estk_443bf2fd696df683a0281ba5dadc7019,evt_443bf2fd696df683,Matt Jones,PGA,58.49,58.49,0,0,2.7600,2.6800,4.3500,
$250 Wyndham Championship,2020-08-13T01:08:04.389218,estk_443bf2fd696df683b4845ab74ec88005,evt_443bf2fd696df683,Zac Blair,PGA,58.25,58.25,0,0,2.7100,2.6200,4.2700,
$250 Wyndham Championship,2020-08-13T01:08:04.389222,estk_443bf2fd696df6836e6bae282dbde85d,evt_443bf2fd696df683,Jason Dufner,PGA,58.22,58.22,0,0,2.7100,2.6400,4.2500,
$250 Wyndham Championship,2020-08-13T01:08:04.389226,estk_443bf2fd696df68377fd9b76bcb7f6ea,evt_443bf2fd696df683,Henrik Norlander,PGA,58.17,58.17,0,0,2.6700,2.6200,4.2400,
$250 Wyndham Championship,2020-08-13T01:08:04.389230,estk_443bf2fd696df6834fd145a9bc28b2e7,evt_443bf2fd696df683,Bill Haas,PGA,57.85,57.85,0,0,2.6200,2.5400,4.1600,
$250 Wyndham Championship,2020-08-13T01:08:04.389233,estk_443bf2fd696df68384ff1e749f17166c,evt_443bf2fd696df683,Seamus Power,PGA,57.59,57.59,0,0,2.5700,2.4900,4.1100,
$250 Wyndham Championship,2020-08-13T01:08:04.389237,estk_443bf2fd696df683b465c84810010b77,evt_443bf2fd696df683,Aaron Baddeley,PGA,57.47,57.47,0,0,2.5600,2.4600,4.0700,
$250 Wyndham Championship,2020-08-13T01:08:04.389241,estk_443bf2fd696df6832363d8ed897ee473,evt_443bf2fd696df683,Bronson Burgoon,PGA,56.93,56.93,0,0,2.4400,2.3600,3.9700,
$250 Wyndham Championship,2020-08-13T01:08:04.389244,estk_443bf2fd696df68363ec4e5033098e73,evt_443bf2fd696df683,Charl Schwartzel,PGA,56.64,56.64,0,0,2.3700,2.3100,3.9100,
$250 Wyndham Championship,2020-08-13T01:08:04.389248,estk_443bf2fd696df6838145ed04e6806109,evt_443bf2fd696df683,Beau Hossler,PGA,56.59,56.59,0,0,2.3600,2.3000,3.9100,
$250 Wyndham Championship,2020-08-13T01:08:04.389252,estk_443bf2fd696df68351313c80a6582bc4,evt_443bf2fd696df683,Jim Herman,PGA,56.44,56.44,0,0,2.3100,2.2600,3.8900,
$250 Wyndham Championship,2020-08-13T01:08:04.389255,estk_443bf2fd696df683545854725c047326,evt_443bf2fd696df683,Pat Perez,PGA,55.92,55.92,0,0,2.2200,2.1700,3.7800,
$250 Wyndham Championship,2020-08-13T01:08:04.389259,estk_443bf2fd696df68362eb66f5e498495a,evt_443bf2fd696df683,Roger Sloan,PGA,55.72,55.72,0,0,2.2000,2.1500,3.7400,
$250 Wyndham Championship,2020-08-13T01:08:04.389262,estk_443bf2fd696df683c8c93926f7b1c7b6,evt_443bf2fd696df683,Hank Lebioda,PGA,55.62,55.62,0,0,2.1800,2.1200,3.7200,
$250 Wyndham Championship,2020-08-13T01:08:04.389266,estk_443bf2fd696df683408e07cab14ecb5c,evt_443bf2fd696df683,Kyoung-Hoon Lee,PGA,54.78,54.78,0,0,2.0300,1.9900,3.5800,
$250 Wyndham Championship,2020-08-13T01:08:04.389269,estk_443bf2fd696df683e89354ed4f13852c,evt_443bf2fd696df683,Sam Burns,PGA,54.52,54.52,0,0,2.0000,1.9500,3.5300,
$250 Wyndham Championship,2020-08-13T01:08:04.389273,estk_443bf2fd696df68340a0595b15d497b5,evt_443bf2fd696df683,Cameron Davis,PGA,54.41,54.41,0,0,1.9700,1.9300,3.5100,
$250 Wyndham Championship,2020-08-13T01:08:04.389277,estk_443bf2fd696df683c3b1c969ee8fc8ed,evt_443bf2fd696df683,D.J. Trahan,PGA,54.2,54.2,0,0,1.9400,1.9100,3.4900,
$250 Wyndham Championship,2020-08-13T01:08:04.389281,estk_443bf2fd696df68398b6c3ebf18a16bb,evt_443bf2fd696df683,Chris Stroud,PGA,54.08,54.08,0,0,1.9300,1.8900,3.4800,
$250 Wyndham Championship,2020-08-13T01:08:04.389284,estk_443bf2fd696df6834f70a08a1a272573,evt_443bf2fd696df683,Talor Gooch,PGA,53.84,53.84,0,0,1.9000,1.8600,3.4300,
$250 Wyndham Championship,2020-08-13T01:08:04.389288,estk_443bf2fd696df683bafdc1b3d806a361,evt_443bf2fd696df683,Kramer Hickok,PGA,53.83,53.83,0,0,1.8900,1.8600,3.4300,
$250 Wyndham Championship,2020-08-13T01:08:04.389291,estk_443bf2fd696df68319828383a43b2168,evt_443bf2fd696df683,Bo Hoag,PGA,53.41,53.41,0,0,1.8300,1.8000,3.3700,
$250 Wyndham Championship,2020-08-13T01:08:04.389295,estk_443bf2fd696df6839833b63def7a8a43,evt_443bf2fd696df683,Scott Harrington,PGA,53.36,53.36,0,0,1.8200,1.8000,3.3700,
$250 Wyndham Championship,2020-08-13T01:08:04.389299,estk_443bf2fd696df68369ddb55eb2327133,evt_443bf2fd696df683,Bo Van Pelt,PGA,53.27,53.27,0,0,1.8200,1.7800,3.3600,
$250 Wyndham Championship,2020-08-13T01:08:04.389303,estk_443bf2fd696df68308a1e3f033f987a2,evt_443bf2fd696df683,Davis Love III,PGA,53.18,53.18,0,0,1.8100,1.7700,3.3400,
$250 Wyndham Championship,2020-08-13T01:08:04.389306,estk_443bf2fd696df6835936e6a0df92674f,evt_443bf2fd696df683,Xinjun Zhang,PGA,53.04,53.04,0,0,1.7900,1.7500,3.3200,
$250 Wyndham Championship,2020-08-13T01:08:04.389310,estk_443bf2fd696df68324767e7a4d8ae0f3,evt_443bf2fd696df683,Mark Hubbard,PGA,52.55,52.55,0,0,1.7300,1.7000,3.2600,
$250 Wyndham Championship,2020-08-13T01:08:04.389314,estk_443bf2fd696df683534ac8d88803e8dc,evt_443bf2fd696df683,Doug Ghim,PGA,52.54,52.54,0,0,1.7200,1.6900,3.2600,
$250 Wyndham Championship,2020-08-13T01:08:04.389317,estk_443bf2fd696df68338fd81a2786ff8f6,evt_443bf2fd696df683,Luke Donald,PGA,52.54,52.54,0,0,1.7200,1.6900,3.2600,
$250 Wyndham Championship,2020-08-13T01:08:04.389321,estk_443bf2fd696df683a861e54085d1dfe9,evt_443bf2fd696df683,Rob Oppenheim,PGA,52.45,52.45,0,0,1.7200,1.6800,3.2400,
$250 Wyndham Championship,2020-08-13T01:08:04.389325,estk_443bf2fd696df683a9cf9571ae8d1395,evt_443bf2fd696df683,Adam Long,PGA,52.51,52.51,0,0,1.7100,1.6800,3.2600,
$250 Wyndham Championship,2020-08-13T01:08:04.389328,estk_443bf2fd696df68345d0540e3088a5bb,evt_443bf2fd696df683,John Senden,PGA,52.32,52.32,0,0,1.7000,1.6600,3.2200,
$250 Wyndham Championship,2020-08-13T01:08:04.389332,estk_443bf2fd696df6835317d662f6397957,evt_443bf2fd696df683,Arjun Atwal,PGA,52.36,52.36,0,0,1.6900,1.6700,3.2300,
$250 Wyndham Championship,2020-08-13T01:08:04.389336,estk_443bf2fd696df683b64bcd1f5a174b84,evt_443bf2fd696df683,Matthew NeSmith,PGA,52.02,52.02,0,0,1.6600,1.6400,3.1900,
$250 Wyndham Championship,2020-08-13T01:08:04.389339,estk_443bf2fd696df68389f9105a1c873f96,evt_443bf2fd696df683,Tyler McCumber,PGA,51.92,51.92,0,0,1.6500,1.6300,3.1800,
$250 Wyndham Championship,2020-08-13T01:08:04.389343,estk_443bf2fd696df6836c585da9e4b2ba79,evt_443bf2fd696df683,Tom Lewis,PGA,51.87,51.87,0,0,1.6500,1.6300,3.1700,
$250 Wyndham Championship,2020-08-13T01:08:04.389347,estk_443bf2fd696df683bf7563f8d908b8a5,evt_443bf2fd696df683,Tim Wilkinson,PGA,51.79,51.79,0,0,1.6300,1.6100,3.1600,
$250 Wyndham Championship,2020-08-13T01:08:04.389350,estk_443bf2fd696df6834055c2393a3434be,evt_443bf2fd696df683,Kristoffer Ventura,PGA,51.33,51.33,0,0,1.5900,1.5700,3.1200,
$250 Wyndham Championship,2020-08-13T01:08:04.389354,estk_443bf2fd696df68320ad6ea6094c9107,evt_443bf2fd696df683,Mark Anderson,PGA,51.16,51.16,0,0,1.5800,1.5400,3.1000,
$250 Wyndham Championship,2020-08-13T01:08:04.389357,estk_443bf2fd696df683581730aeecfe5742,evt_443bf2fd696df683,David Berganio,PGA,51.28,51.28,0,0,1.5700,1.5600,3.1200,
$250 Wyndham Championship,2020-08-13T01:08:04.389361,estk_443bf2fd696df683f1e17b95dcfcf25d,evt_443bf2fd696df683,Akshay Bhatia,PGA,51.16,51.16,0,0,1.5600,1.5500,3.0900,
$250 Wyndham Championship,2020-08-13T01:08:04.389365,estk_443bf2fd696df683194d0643ec6a54ff,evt_443bf2fd696df683,Michael Gligic,PGA,51.16,51.16,0,0,1.5600,1.5500,3.1000,
$250 Wyndham Championship,2020-08-13T01:08:04.389369,estk_443bf2fd696df683c888e6940b828845,evt_443bf2fd696df683,Joseph Bramlett,PGA,51.11,51.11,0,0,1.5600,1.5400,3.0900,
$250 Wyndham Championship,2020-08-13T01:08:04.389373,estk_443bf2fd696df683f2aa8d83ef18ae5d,evt_443bf2fd696df683,Matt Every,PGA,50.36,50.36,0,0,1.5100,1.4800,3.0300,
$250 Wyndham Championship,2020-08-13T01:08:04.389379,estk_443bf2fd696df683287d78ec15ac0462,evt_443bf2fd696df683,Martin Trainer,PGA,50.26,50.26,0,0,1.4900,1.4700,3.0300,
$250 Wyndham Championship,2020-08-13T01:08:04.389396,estk_443bf2fd696df683821b69f74a47b531,evt_443bf2fd696df683,Chris Kirk,PGA,49.85,49.85,0,0,1.4500,1.4300,2.9900,
$250 Wyndham Championship,2020-08-13T01:08:04.389400,estk_443bf2fd696df683458d2668c7692dc5,evt_443bf2fd696df683,Brandon Hagy,PGA,49.52,49.52,0,0,1.4200,1.4100,2.9600,
$250 Wyndham Championship,2020-08-13T01:08:04.389404,estk_443bf2fd696df6839a1bbfc930ac6051,evt_443bf2fd696df683,Robert Streb,PGA,49.37,49.37,0,0,1.4200,1.4000,2.9400,
$250 Wyndham Championship,2020-08-13T01:08:04.389408,estk_443bf2fd696df6838b6717c659739b18,evt_443bf2fd696df683,Michael Kim,PGA,49.31,49.31,0,0,1.4100,1.3900,2.9400,
$250 Wyndham Championship,2020-08-13T01:08:04.389411,estk_443bf2fd696df68364349aca49ddf059,evt_443bf2fd696df683,Austin Cook,PGA,49,49,0,0,1.3900,1.3700,2.9100,
$250 Wyndham Championship,2020-08-13T01:08:04.389415,estk_443bf2fd696df68360e6f2aa7e058964,evt_443bf2fd696df683,Tommy Fleetwood,PGA,0,0,0,0,1.0000,1.0000,2.5200,
$250 Wyndham Championship,2020-08-13T01:08:04.389419,estk_443bf2fd696df683277e17576c06f23a,evt_443bf2fd696df683,Abraham Ancer,PGA,0,0,0,0,1.0000,1.0000,2.5200,
$250 Wyndham Championship,2020-08-13T01:08:04.389422,estk_443bf2fd696df683bd95a61ddc89f373,evt_443bf2fd696df683,Vaughn Taylor,PGA,0,0,0,0,1.0000,1.0000,2.5200,
$250 Wyndham Championship,2020-08-13T01:08:04.389426,estk_443bf2fd696df683af335bc9711cd18a,evt_443bf2fd696df683,Lanto Griffin,PGA,0,0,0,0,1.0000,1.0000,2.5200,
$250 Wyndham Championship,2020-08-13T11:08:29.784044,estk_443bf2fd696df68360e6f2aa7e058964,evt_443bf2fd696df683,Tommy Fleetwood,PGA,0,0,0,1,1.0000,1.0000,2.5200,
$250 Wyndham Championship,2020-08-13T11:08:29.784048,estk_443bf2fd696df683277e17576c06f23a,evt_443bf2fd696df683,Abraham Ancer,PGA,0,0,0,1,1.0000,1.0000,2.5200,
$250 Wyndham Championship,2020-08-13T11:08:29.784052,estk_443bf2fd696df683bd95a61ddc89f373,evt_443bf2fd696df683,Vaughn Taylor,PGA,0,0,0,1,1.0000,1.0000,2.5200,
$250 Wyndham Championship,2020-08-13T11:08:29.784057,estk_443bf2fd696df683af335bc9711cd18a,evt_443bf2fd696df683,Lanto Griffin,PGA,0,0,0,1,1.0000,1.0000,2.5200,
$250 Wyndham Championship,2020-08-13T11:38:31.295169,estk_443bf2fd696df683170130e9fa731e23,evt_443bf2fd696df683,Jason Kokrak,PGA,69.7,69,0,0.01,6.6800,6.6600,8.5900,
$250 Wyndham Championship,2020-08-13T11:38:31.295289,estk_443bf2fd696df68333cbfa0bc2c99848,evt_443bf2fd696df683,Charley Hoffman,PGA,63.29,63.66,1,0.01,4.2800,4.0200,5.7800,
$250 Wyndham Championship,2020-08-13T11:38:31.295372,estk_443bf2fd696df68352583207eaa894b7,evt_443bf2fd696df683,Scott Stallings,PGA,59.87,60.27,1,0.01,3.2000,3.0100,4.6900,
$250 Wyndham Championship,2020-08-13T11:38:31.295394,estk_443bf2fd696df683edbbe9a8a4e2367d,evt_443bf2fd696df683,Maverick McNealy,PGA,59.19,59.6,1,0.01,2.9800,2.8500,4.4800,
$250 Wyndham Championship,2020-08-13T11:38:31.295576,estk_443bf2fd696df6839a1bbfc930ac6051,evt_443bf2fd696df683,Robert Streb,PGA,49.37,49.88,1,0.01,1.4100,1.4000,2.9400,
$250 Wyndham Championship,2020-08-13T11:48:31.815533,estk_443bf2fd696df683170130e9fa731e23,evt_443bf2fd696df683,Jason Kokrak,PGA,69.7,68.61,1,0.03,6.4800,6.6600,8.0800,
$250 Wyndham Championship,2020-08-13T11:48:31.815608,estk_443bf2fd696df6831d4f740cf9f348cc,evt_443bf2fd696df683,Wyndham Clark,PGA,63.78,65.14,2,0.01,4.8600,4.1800,6.4600,
$250 Wyndham Championship,2020-08-13T11:48:31.815619,estk_443bf2fd696df683bdc437a37a2c4345,evt_443bf2fd696df683,Patrick Rodgers,PGA,65.45,64.8,0,0.01,4.7300,4.8000,6.6400,
$250 Wyndham Championship,2020-08-13T11:48:31.815686,estk_443bf2fd696df68333cbfa0bc2c99848,evt_443bf2fd696df683,Charley Hoffman,PGA,63.29,62.39,1,0.03,3.8000,4.0200,5.7800,
$250 Wyndham Championship,2020-08-13T11:48:31.815693,estk_443bf2fd696df68340e1350656ce7a59,evt_443bf2fd696df683,Brian Stuard,PGA,61.65,62.03,1,0.01,3.7300,3.5000,5.2100,
$250 Wyndham Championship,2020-08-13T11:48:31.815745,estk_443bf2fd696df68352583207eaa894b7,evt_443bf2fd696df683,Scott Stallings,PGA,59.87,60.07,2,0.03,3.0900,3.0100,4.6900,
$250 Wyndham Championship,2020-08-13T11:48:31.815767,estk_443bf2fd696df683edbbe9a8a4e2367d,evt_443bf2fd696df683,Maverick McNealy,PGA,59.19,59.41,2,0.03,2.9100,2.8500,4.4800,
$250 Wyndham Championship,2020-08-13T11:48:31.815795,estk_443bf2fd696df6835a15f2b217b495d5,evt_443bf2fd696df683,Adam Schenk,PGA,59,58.41,0,0.01,2.6900,2.8100,4.4700,
$250 Wyndham Championship,2020-08-13T11:48:31.815882,estk_443bf2fd696df6839833b63def7a8a43,evt_443bf2fd696df683,Scott Harrington,PGA,53.36,52.83,0,0.01,1.7100,1.8000,3.3700,
$250 Wyndham Championship,2020-08-13T11:48:31.815886,estk_443bf2fd696df68345d0540e3088a5bb,evt_443bf2fd696df683,John Senden,PGA,52.32,52.8,1,0.01,1.7000,1.6600,3.2200,
$250 Wyndham Championship,2020-08-13T11:48:31.815958,estk_443bf2fd696df6839a1bbfc930ac6051,evt_443bf2fd696df683,Robert Streb,PGA,49.37,49.89,2,0.03,1.3800,1.4000,2.9400,
$250 Wyndham Championship,2020-08-13T11:59:26.799481,estk_443bf2fd696df683e64a0e6fb2b31683,evt_443bf2fd696df683,Rafa Cabrera Bello,PGA,71.6,70.88,0,0.01,7.7300,7.6600,9.6400,
$250 Wyndham Championship,2020-08-13T11:59:26.799596,estk_443bf2fd696df683bdc437a37a2c4345,evt_443bf2fd696df683,Patrick Rodgers,PGA,65.45,64.49,1,0.03,4.5900,4.8000,6.6400,
$250 Wyndham Championship,2020-08-13T11:59:26.799649,estk_443bf2fd696df683d3db04808a1c74b0,evt_443bf2fd696df683,Jhonattan Vegas,PGA,63.3,62.67,0,0.01,3.9300,4.0200,5.7800,
$250 Wyndham Championship,2020-08-13T11:59:26.799656,estk_443bf2fd696df68333cbfa0bc2c99848,evt_443bf2fd696df683,Charley Hoffman,PGA,63.29,62.76,2,0.04,3.8800,4.0200,5.7800,
$250 Wyndham Championship,2020-08-13T11:59:26.799726,estk_443bf2fd696df6839e26fd7ec152425f,evt_443bf2fd696df683,David Hearn,PGA,59,59.41,1,0.01,2.9600,2.7900,4.4500,
$250 Wyndham Championship,2020-08-13T11:59:26.799730,estk_443bf2fd696df6834e281614612a121e,evt_443bf2fd696df683,Nick Watney,PGA,59.96,59.36,0,0.01,2.9400,3.0300,4.7000,
$250 Wyndham Championship,2020-08-13T11:59:26.799790,estk_443bf2fd696df68363ec4e5033098e73,evt_443bf2fd696df683,Charl Schwartzel,PGA,56.64,56.07,0,0.01,2.2100,2.3100,3.9100,
$250 Wyndham Championship,2020-08-13T11:59:26.799815,estk_443bf2fd696df683408e07cab14ecb5c,evt_443bf2fd696df683,Kyoung-Hoon Lee,PGA,54.78,54.23,0,0.01,1.8900,1.9900,3.5800,
$250 Wyndham Championship,2020-08-13T11:59:26.799854,estk_443bf2fd696df6839833b63def7a8a43,evt_443bf2fd696df683,Scott Harrington,PGA,53.36,52.76,1,0.03,1.6800,1.8000,3.3700,
$250 Wyndham Championship,2020-08-13T11:59:26.799865,estk_443bf2fd696df68345d0540e3088a5bb,evt_443bf2fd696df683,John Senden,PGA,52.32,52.75,2,0.03,1.6700,1.6600,3.2200,
$250 Wyndham Championship,2020-08-13T11:59:26.799917,estk_443bf2fd696df6839a1bbfc930ac6051,evt_443bf2fd696df683,Robert Streb,PGA,49.37,50.4,3,0.04,1.4200,1.4000,2.9400,
$250 Wyndham Championship,2020-08-13T12:09:28.645042,estk_443bf2fd696df68356ab6ba90ba02e56,evt_443bf2fd696df683,Joaquin Niemann,PGA,69.43,69.74,1,0.01,7.0900,6.5200,8.4900,
$250 Wyndham Championship,2020-08-13T12:09:28.645069,estk_443bf2fd696df683170130e9fa731e23,evt_443bf2fd696df683,Jason Kokrak,PGA,69.7,67.91,1,0.04,6.0900,6.6600,8.0800,
$250 Wyndham Championship,2020-08-13T12:09:28.645117,estk_443bf2fd696df6831e0083f260619709,evt_443bf2fd696df683,Sebastian Munoz,PGA,65.05,65.4,1,0.01,5.0100,4.6500,6.4600,
$250 Wyndham Championship,2020-08-13T12:09:28.645135,estk_443bf2fd696df683bdc437a37a2c4345,evt_443bf2fd696df683,Patrick Rodgers,PGA,65.45,64.83,2,0.04,4.7300,4.8000,6.6400,
$250 Wyndham Championship,2020-08-13T12:09:28.645164,estk_443bf2fd696df6831d4f740cf9f348cc,evt_443bf2fd696df683,Wyndham Clark,PGA,63.78,63.87,2,0.03,4.3400,4.1800,5.9400,
$250 Wyndham Championship,2020-08-13T12:09:28.645238,estk_443bf2fd696df68340e1350656ce7a59,evt_443bf2fd696df683,Brian Stuard,PGA,61.65,60.8,1,0.03,3.3100,3.5000,5.2100,
$250 Wyndham Championship,2020-08-13T12:09:28.645283,estk_443bf2fd696df68352583207eaa894b7,evt_443bf2fd696df683,Scott Stallings,PGA,59.87,59.48,2,0.04,2.9300,3.0100,4.6900,
$250 Wyndham Championship,2020-08-13T12:09:28.645290,estk_443bf2fd696df6835a15f2b217b495d5,evt_443bf2fd696df683,Adam Schenk,PGA,59,59.23,2,0.03,2.8800,2.8100,4.4700,
$250 Wyndham Championship,2020-08-13T12:09:28.645297,estk_443bf2fd696df683edbbe9a8a4e2367d,evt_443bf2fd696df683,Maverick McNealy,PGA,59.19,58.82,2,0.04,2.7300,2.8500,4.4800,
$250 Wyndham Championship,2020-08-13T12:09:28.645336,estk_443bf2fd696df683545854725c047326,evt_443bf2fd696df683,Pat Perez,PGA,55.92,56.36,1,0.01,2.2600,2.1700,3.7800,
$250 Wyndham Championship,2020-08-13T12:09:28.645388,estk_443bf2fd696df683a9cf9571ae8d1395,evt_443bf2fd696df683,Adam Long,PGA,52.51,52.98,1,0.01,1.7300,1.6800,3.2600,
$250 Wyndham Championship,2020-08-13T12:09:28.645392,estk_443bf2fd696df68345d0540e3088a5bb,evt_443bf2fd696df683,John Senden,PGA,52.32,53.23,3,0.04,1.7200,1.6600,3.2200,
$250 Wyndham Championship,2020-08-13T12:09:28.645396,estk_443bf2fd696df6839833b63def7a8a43,evt_443bf2fd696df683,Scott Harrington,PGA,53.36,53.23,2,0.04,1.7100,1.8000,3.3700,
$250 Wyndham Championship,2020-08-13T12:09:28.645472,estk_443bf2fd696df68364349aca49ddf059,evt_443bf2fd696df683,Austin Cook,PGA,49,48.51,0,0.01,1.3100,1.3700,2.9100,
$250 Wyndham Championship,2020-08-13T12:19:29.215466,estk_443bf2fd696df683e64a0e6fb2b31683,evt_443bf2fd696df683,Rafa Cabrera Bello,PGA,71.6,71.45,2,0.03,8.0400,7.6600,9.6400,6.4000
$250 Wyndham Championship,2020-08-13T12:19:29.215471,estk_443bf2fd696df683a251d6b9cc0a07e5,evt_443bf2fd696df683,Sungjae Im,PGA,70.86,71.15,1,0.01,7.9000,7.2700,9.2200,6.2800
$250 Wyndham Championship,2020-08-13T12:19:29.215530,estk_443bf2fd696df683170130e9fa731e23,evt_443bf2fd696df683,Jason Kokrak,PGA,69.7,66.52,1,0.06,5.4100,6.6600,7.0200,4.4600
$250 Wyndham Championship,2020-08-13T12:19:29.215590,estk_443bf2fd696df6834fd2025821f57a83,evt_443bf2fd696df683,Brendon Todd,PGA,64.1,64.46,1,0.01,4.6300,6.0300,6.0300,3.0700
$250 Wyndham Championship,2020-08-13T12:19:29.215601,estk_443bf2fd696df6831d4f740cf9f348cc,evt_443bf2fd696df683,Wyndham Clark,PGA,63.78,64.23,3,0.04,4.5000,4.1800,5.9400,2.9100
$250 Wyndham Championship,2020-08-13T12:19:29.215653,estk_443bf2fd696df68333cbfa0bc2c99848,evt_443bf2fd696df683,Charley Hoffman,PGA,63.29,62.49,3,0.06,3.7800,4.0200,5.7800,2.3300
$250 Wyndham Championship,2020-08-13T12:19:29.215678,estk_443bf2fd696df68340e1350656ce7a59,evt_443bf2fd696df683,Brian Stuard,PGA,61.65,61.18,2,0.04,3.3900,3.5000,5.2100,1.9900
$250 Wyndham Championship,2020-08-13T12:19:29.215703,estk_443bf2fd696df683d3db04808a1c74b0,evt_443bf2fd696df683,Jhonattan Vegas,PGA,63.3,60.4,-1,0.03,3.1800,4.0200,4.7500,1.6500
$250 Wyndham Championship,2020-08-13T12:19:29.215710,estk_443bf2fd696df6834e281614612a121e,evt_443bf2fd696df683,Nick Watney,PGA,59.96,60.16,2,0.03,3.1300,3.0300,4.7000,1.9900
$250 Wyndham Championship,2020-08-13T12:19:29.215714,estk_443bf2fd696df6834e3c375c77ca101d,evt_443bf2fd696df683,Tyler Duncan,PGA,59.65,60.05,1,0.01,3.1300,2.9500,4.6200,1.6000
$250 Wyndham Championship,2020-08-13T12:19:29.215718,estk_443bf2fd696df68352583207eaa894b7,evt_443bf2fd696df683,Scott Stallings,PGA,59.87,60.28,4,0.06,3.1100,3.0100,4.6900,1.5500
$250 Wyndham Championship,2020-08-13T12:19:29.215733,estk_443bf2fd696df6835a15f2b217b495d5,evt_443bf2fd696df683,Adam Schenk,PGA,59,59.64,3,0.04,2.9600,2.8100,4.4700,1.9800
$250 Wyndham Championship,2020-08-13T12:19:29.215741,estk_443bf2fd696df683edbbe9a8a4e2367d,evt_443bf2fd696df683,Maverick McNealy,PGA,59.19,59.64,4,0.06,2.9200,2.8500,4.4800,1.3800
$250 Wyndham Championship,2020-08-13T12:19:29.215748,estk_443bf2fd696df6839e26fd7ec152425f,evt_443bf2fd696df683,David Hearn,PGA,59,59.23,2,0.03,2.8600,4.4500,4.4500,1.9900
$250 Wyndham Championship,2020-08-13T12:19:29.215758,estk_443bf2fd696df6836e6bae282dbde85d,evt_443bf2fd696df683,Jason Dufner,PGA,58.22,58.64,1,0.01,2.7500,4.2500,4.2200,1.3700
$250 Wyndham Championship,2020-08-13T12:19:29.215799,estk_443bf2fd696df68363ec4e5033098e73,evt_443bf2fd696df683,Charl Schwartzel,PGA,56.64,55.94,1,0.03,2.1500,3.9100,3.7400,
$250 Wyndham Championship,2020-08-13T12:19:29.215840,estk_443bf2fd696df683408e07cab14ecb5c,evt_443bf2fd696df683,Kyoung-Hoon Lee,PGA,54.78,53.14,0,0.03,1.7200,3.5800,3.4300,
$250 Wyndham Championship,2020-08-13T12:19:29.215919,estk_443bf2fd696df6839a1bbfc930ac6051,evt_443bf2fd696df683,Robert Streb,PGA,49.37,49.41,3,0.06,1.3300,1.4000,2.9400,
$250 Wyndham Championship,2020-08-13T12:29:29.647528,estk_443bf2fd696df683503f60443b3bd112,evt_443bf2fd696df683,Webb Simpson,PGA,79.15,79.36,1,0.01,13.3400,12.3200,15.1500,11.6400
$250 Wyndham Championship,2020-08-13T12:29:29.647564,estk_443bf2fd696df68330ccd165c4aa611d,evt_443bf2fd696df683,Brooks Koepka,PGA,76.15,76.39,1,0.01,11.2400,10.3700,12.9900,9.4000
$250 Wyndham Championship,2020-08-13T12:29:29.647569,estk_443bf2fd696df683db5881f101cec470,evt_443bf2fd696df683,Justin Rose,PGA,74.58,73.83,0,0.01,9.5800,9.3800,11.4300,8.4000
$250 Wyndham Championship,2020-08-13T12:29:29.647573,estk_443bf2fd696df683e64a0e6fb2b31683,evt_443bf2fd696df683,Rafa Cabrera Bello,PGA,71.6,71.74,3,0.04,8.1900,7.6600,9.6400,6.5100
$250 Wyndham Championship,2020-08-13T12:29:29.647595,estk_443bf2fd696df6832ab98d8a9a770fd5,evt_443bf2fd696df683,Jordan Spieth,PGA,69.68,69.98,1,0.01,7.2600,6.6500,8.6000,5.4900
$250 Wyndham Championship,2020-08-13T12:29:29.647599,estk_443bf2fd696df68356ab6ba90ba02e56,evt_443bf2fd696df683,Joaquin Niemann,PGA,69.43,69.35,2,0.03,6.8500,6.5200,8.4900,5.4700
$250 Wyndham Championship,2020-08-13T12:29:29.647625,estk_443bf2fd696df683170130e9fa731e23,evt_443bf2fd696df683,Jason Kokrak,PGA,69.7,67.82,3,0.07,6.0000,6.6600,7.6000,4.4600
$250 Wyndham Championship,2020-08-13T12:29:29.647640,estk_443bf2fd696df6831ce4da0ea7a969fb,evt_443bf2fd696df683,Kevin Tway,PGA,66.02,66.36,1,0.01,5.4500,5.0100,6.8600,3.8000
$250 Wyndham Championship,2020-08-13T12:29:29.647644,estk_443bf2fd696df6833544479351e1ff63,evt_443bf2fd696df683,Billy Horschel,PGA,66.02,66.36,1,0.01,5.4100,5.0400,6.8200,3.7300
$250 Wyndham Championship,2020-08-13T12:29:29.647683,estk_443bf2fd696df6831e0083f260619709,evt_443bf2fd696df683,Sebastian Munoz,PGA,65.05,65.1,2,0.03,4.8400,6.4600,6.4600,3.4400
$250 Wyndham Championship,2020-08-13T12:29:29.647701,estk_443bf2fd696df683bdc437a37a2c4345,evt_443bf2fd696df683,Patrick Rodgers,PGA,65.45,64.52,3,0.06,4.5400,4.8000,6.0900,3.1400
$250 Wyndham Championship,2020-08-13T12:29:29.647763,estk_443bf2fd696df68333cbfa0bc2c99848,evt_443bf2fd696df683,Charley Hoffman,PGA,63.29,62.86,4,0.07,3.9000,4.0200,5.7800,2.3300
$250 Wyndham Championship,2020-08-13T12:29:29.647788,estk_443bf2fd696df683d3db04808a1c74b0,evt_443bf2fd696df683,Jhonattan Vegas,PGA,63.3,61.77,1,0.04,3.5600,4.0200,4.7500,1.9900
$250 Wyndham Championship,2020-08-13T12:29:29.647792,estk_443bf2fd696df68317a7bca076b02aaf,evt_443bf2fd696df683,Patton Kizzire,PGA,60.1,61.5,2,0.01,3.5400,4.7300,4.7200,2.0000
$250 Wyndham Championship,2020-08-13T12:29:29.647813,estk_443bf2fd696df6834e3c375c77ca101d,evt_443bf2fd696df683,Tyler Duncan,PGA,59.65,60.86,3,0.03,3.3100,2.9500,4.6200,1.7300
$250 Wyndham Championship,2020-08-13T12:29:29.647828,estk_443bf2fd696df6839e26fd7ec152425f,evt_443bf2fd696df683,David Hearn,PGA,59,60.64,4,0.04,3.2300,4.4500,4.4500,1.9900
$250 Wyndham Championship,2020-08-13T12:29:29.647856,estk_443bf2fd696df6834e281614612a121e,evt_443bf2fd696df683,Nick Watney,PGA,59.96,59.56,2,0.04,2.9200,3.0300,4.7000,1.9900
$250 Wyndham Championship,2020-08-13T12:29:29.647863,estk_443bf2fd696df6835a15f2b217b495d5,evt_443bf2fd696df683,Adam Schenk,PGA,59,59.46,4,0.06,2.8500,2.8100,4.4700,1.9800
$250 Wyndham Championship,2020-08-13T12:29:29.647894,estk_443bf2fd696df683545854725c047326,evt_443bf2fd696df683,Pat Perez,PGA,55.92,57.68,4,0.04,2.4600,3.7800,3.7800,
$250 Wyndham Championship,2020-08-13T12:29:29.647908,estk_443bf2fd696df68363ec4e5033098e73,evt_443bf2fd696df683,Charl Schwartzel,PGA,56.64,56.37,2,0.04,2.2200,3.9100,3.7400,
$250 Wyndham Championship,2020-08-13T12:29:29.647946,estk_443bf2fd696df683408e07cab14ecb5c,evt_443bf2fd696df683,Kyoung-Hoon Lee,PGA,54.78,53.59,1,0.04,1.7600,3.5800,3.4300,
$250 Wyndham Championship,2020-08-13T12:29:29.647963,estk_443bf2fd696df68345d0540e3088a5bb,evt_443bf2fd696df683,John Senden,PGA,52.32,53.18,4,0.06,1.6800,3.2200,3.2200,
$250 Wyndham Championship,2020-08-13T12:29:29.647967,estk_443bf2fd696df6839833b63def7a8a43,evt_443bf2fd696df683,Scott Harrington,PGA,53.36,53.16,3,0.06,1.6700,3.3700,3.2600,
$250 Wyndham Championship,2020-08-13T12:29:29.648015,estk_443bf2fd696df683a9cf9571ae8d1395,evt_443bf2fd696df683,Adam Long,PGA,52.51,50.93,0,0.03,1.4700,3.2600,3.2500,
$250 Wyndham Championship,2020-08-13T12:29:29.648033,estk_443bf2fd696df68364349aca49ddf059,evt_443bf2fd696df683,Austin Cook,PGA,49,50.04,3,0.04,1.3900,1.3700,2.9100,
$250 Wyndham Championship,2020-08-13T12:29:29.648040,estk_443bf2fd696df6839a1bbfc930ac6051,evt_443bf2fd696df683,Robert Streb,PGA,49.37,49.91,4,0.07,1.3500,1.4000,2.9400,
$250 Wyndham Championship,2020-08-13T12:39:30.164275,estk_443bf2fd696df683503f60443b3bd112,evt_443bf2fd696df683,Webb Simpson,PGA,79.15,78.78,2,0.03,12.8600,12.3200,14.6200,11.6400
$250 Wyndham Championship,2020-08-13T12:39:30.164326,estk_443bf2fd696df683a251d6b9cc0a07e5,evt_443bf2fd696df683,Sungjae Im,PGA,70.86,70.73,2,0.03,7.6100,7.2700,9.2200,6.2800
$250 Wyndham Championship,2020-08-13T12:39:30.164349,estk_443bf2fd696df68356ab6ba90ba02e56,evt_443bf2fd696df683,Joaquin Niemann,PGA,69.43,68.65,2,0.04,6.4800,6.5200,8.4900,5.4700
$250 Wyndham Championship,2020-08-13T12:39:30.164402,estk_443bf2fd696df68337a8104a8070199b,evt_443bf2fd696df683,Ryan Armour,PGA,65.44,65.79,1,0.01,5.1900,4.7800,6.6000,3.4700
$250 Wyndham Championship,2020-08-13T12:39:30.164425,estk_443bf2fd696df6831e0083f260619709,evt_443bf2fd696df683,Sebastian Munoz,PGA,65.05,65.45,3,0.04,4.9400,6.4600,6.4600,3.4400
$250 Wyndham Championship,2020-08-13T12:39:30.164449,estk_443bf2fd696df683499f65e84c5a381b,evt_443bf2fd696df683,Jim Furyk,PGA,63.77,64.13,1,0.01,4.4900,4.1800,5.9300,2.8100
$250 Wyndham Championship,2020-08-13T12:39:30.164453,estk_443bf2fd696df6834fd2025821f57a83,evt_443bf2fd696df683,Brendon Todd,PGA,64.1,64.18,2,0.03,4.4800,6.0300,6.0300,3.0700
$250 Wyndham Championship,2020-08-13T12:39:30.164464,estk_443bf2fd696df6831d4f740cf9f348cc,evt_443bf2fd696df683,Wyndham Clark,PGA,63.78,63.95,4,0.06,4.3200,4.1800,5.9400,2.9100
$250 Wyndham Championship,2020-08-13T12:39:30.164479,estk_443bf2fd696df683d6797fef070c38d6,evt_443bf2fd696df683,Brice Garnett,PGA,62.7,63.07,1,0.01,4.1000,3.8200,5.5300,2.4200
$250 Wyndham Championship,2020-08-13T12:39:30.164505,estk_443bf2fd696df68317a7bca076b02aaf,evt_443bf2fd696df683,Patton Kizzire,PGA,60.1,62.3,4,0.03,3.7700,4.7300,5.3600,1.9700
$250 Wyndham Championship,2020-08-13T12:39:30.164512,estk_443bf2fd696df6834e3c375c77ca101d,evt_443bf2fd696df683,Tyler Duncan,PGA,59.65,62.26,5,0.04,3.7600,2.9500,5.3400,2.2000
$250 Wyndham Championship,2020-08-13T12:39:30.164564,estk_443bf2fd696df683d3db04808a1c74b0,evt_443bf2fd696df683,Jhonattan Vegas,PGA,63.3,60.5,1,0.06,3.1600,4.0200,4.7500,1.9900
$250 Wyndham Championship,2020-08-13T12:39:30.164568,estk_443bf2fd696df6839e26fd7ec152425f,evt_443bf2fd696df683,David Hearn,PGA,59,60.46,5,0.06,3.1500,4.4500,4.4500,1.9900
$250 Wyndham Championship,2020-08-13T12:39:30.164571,estk_443bf2fd696df683edbbe9a8a4e2367d,evt_443bf2fd696df683,Maverick McNealy,PGA,59.19,60.05,5,0.07,3.0200,2.8500,4.4800,1.9900
$250 Wyndham Championship,2020-08-13T12:39:30.164575,estk_443bf2fd696df68340e1350656ce7a59,evt_443bf2fd696df683,Brian Stuard,PGA,61.65,59.95,2,0.06,3.0100,3.5000,4.5600,1.9900
$250 Wyndham Championship,2020-08-13T12:39:30.164590,estk_443bf2fd696df68352583207eaa894b7,evt_443bf2fd696df683,Scott Stallings,PGA,59.87,59.68,4,0.07,2.9300,3.0100,4.6900,1.9800
$250 Wyndham Championship,2020-08-13T12:39:30.164664,estk_443bf2fd696df6836e6bae282dbde85d,evt_443bf2fd696df683,Jason Dufner,PGA,58.22,57.47,1,0.03,2.4700,4.2500,4.2200,1.3700
$250 Wyndham Championship,2020-08-13T12:39:30.164679,estk_443bf2fd696df68363ec4e5033098e73,evt_443bf2fd696df683,Charl Schwartzel,PGA,56.64,56.24,3,0.06,2.1800,3.9100,3.7400,
$250 Wyndham Championship,2020-08-13T12:39:30.164704,estk_443bf2fd696df683408e07cab14ecb5c,evt_443bf2fd696df683,Kyoung-Hoon Lee,PGA,54.78,54.49,3,0.06,1.8800,3.5800,3.4300,
$250 Wyndham Championship,2020-08-13T12:39:30.164753,estk_443bf2fd696df683a9cf9571ae8d1395,evt_443bf2fd696df683,Adam Long,PGA,52.51,52.41,2,0.04,1.6400,3.2600,3.2500,
$250 Wyndham Championship,2020-08-13T12:39:30.164791,estk_443bf2fd696df683287d78ec15ac0462,evt_443bf2fd696df683,Martin Trainer,PGA,50.26,50.76,1,0.01,1.5000,1.4700,3.0300,
$250 Wyndham Championship,2020-08-13T12:49:30.690975,estk_443bf2fd696df683503f60443b3bd112,evt_443bf2fd696df683,Webb Simpson,PGA,79.15,78.98,3,0.04,13.0800,12.3200,14.6200,11.6400
$250 Wyndham Championship,2020-08-13T12:49:30.691009,estk_443bf2fd696df68330ccd165c4aa611d,evt_443bf2fd696df683,Brooks Koepka,PGA,76.15,75.1,2,0.04,10.3300,10.3700,12.0700,9.3700
$250 Wyndham Championship,2020-08-13T12:49:30.691014,estk_443bf2fd696df683db5881f101cec470,evt_443bf2fd696df683,Justin Rose,PGA,74.58,72.34,0,0.03,8.5600,9.3800,10.2400,6.9400
$250 Wyndham Championship,2020-08-13T12:49:30.691018,estk_443bf2fd696df683e64a0e6fb2b31683,evt_443bf2fd696df683,Rafa Cabrera Bello,PGA,71.6,71.59,5,0.07,7.9900,7.6600,9.6400,6.5100
$250 Wyndham Championship,2020-08-13T12:49:30.691026,estk_443bf2fd696df683a251d6b9cc0a07e5,evt_443bf2fd696df683,Sungjae Im,PGA,70.86,71.03,3,0.04,7.7700,7.2700,9.2200,6.2800
$250 Wyndham Championship,2020-08-13T12:49:30.691041,estk_443bf2fd696df6832ab98d8a9a770fd5,evt_443bf2fd696df683,Jordan Spieth,PGA,69.68,69.59,2,0.03,7.0000,6.6500,8.6000,5.6500
$250 Wyndham Championship,2020-08-13T12:49:30.691048,estk_443bf2fd696df6831fc545ba8ac8cb0b,evt_443bf2fd696df683,Rory Sabbatini,PGA,68.41,68.73,1,0.01,6.6100,6.0300,7.9900,4.8200
$250 Wyndham Championship,2020-08-13T12:49:30.691053,estk_443bf2fd696df683d8f0d69f88d3691a,evt_443bf2fd696df683,Doc Redman,PGA,68.27,68.59,1,0.01,6.5300,5.9600,7.8800,4.8900
$250 Wyndham Championship,2020-08-13T12:49:30.691071,estk_443bf2fd696df683170130e9fa731e23,evt_443bf2fd696df683,Jason Kokrak,PGA,69.7,68.12,4,0.08,6.1600,6.6600,7.6000,4.5500
$250 Wyndham Championship,2020-08-13T12:49:30.691075,estk_443bf2fd696df6833544479351e1ff63,evt_443bf2fd696df683,Billy Horschel,PGA,66.02,67.38,4,0.04,5.8500,5.0400,7.4700,3.8100
$250 Wyndham Championship,2020-08-13T12:49:30.691079,estk_443bf2fd696df6831ce4da0ea7a969fb,evt_443bf2fd696df683,Kevin Tway,PGA,66.02,67.38,4,0.04,5.8400,5.0100,7.4800,4.2500
$250 Wyndham Championship,2020-08-13T12:49:30.691124,estk_443bf2fd696df683a5e32548021abe19,evt_443bf2fd696df683,Chez Reavie,PGA,65.24,65.59,1,0.01,5.1300,4.7100,6.5300,3.5400
$250 Wyndham Championship,2020-08-13T12:49:30.691128,estk_443bf2fd696df683f8ddff16f2dbed28,evt_443bf2fd696df683,Corey Conners,PGA,65.07,65.42,1,0.01,5.0400,6.4500,6.4500,3.3200
$250 Wyndham Championship,2020-08-13T12:49:30.691132,estk_443bf2fd696df68337a8104a8070199b,evt_443bf2fd696df683,Ryan Armour,PGA,65.44,65.48,2,0.03,5.0300,6.6000,6.6000,3.6000
$250 Wyndham Championship,2020-08-13T12:49:30.691140,estk_443bf2fd696df6833a3fd2efe45d4190,evt_443bf2fd696df683,Harold Varner III,PGA,64.62,64.97,1,0.01,4.8400,4.4900,6.2600,3.2500
$250 Wyndham Championship,2020-08-13T12:49:30.691144,estk_443bf2fd696df6831e0083f260619709,evt_443bf2fd696df683,Sebastian Munoz,PGA,65.05,65.15,4,0.06,4.8000,6.4600,6.4600,3.4400
$250 Wyndham Championship,2020-08-13T12:49:30.691151,estk_443bf2fd696df683bdc437a37a2c4345,evt_443bf2fd696df683,Patrick Rodgers,PGA,65.45,64.87,4,0.07,4.6700,4.8000,6.0900,3.1400
$250 Wyndham Championship,2020-08-13T12:49:30.691158,estk_443bf2fd696df6834fd2025821f57a83,evt_443bf2fd696df683,Brendon Todd,PGA,64.1,64.54,3,0.04,4.5900,6.0300,6.0300,3.0700
$250 Wyndham Championship,2020-08-13T12:49:30.691166,estk_443bf2fd696df6831d4f740cf9f348cc,evt_443bf2fd696df683,Wyndham Clark,PGA,63.78,64.32,5,0.07,4.4300,4.1800,5.9400,2.9100
$250 Wyndham Championship,2020-08-13T12:49:30.691177,estk_443bf2fd696df68333cbfa0bc2c99848,evt_443bf2fd696df683,Charley Hoffman,PGA,63.29,63.96,7,0.1,4.2500,4.0200,5.7800,2.6800
$250 Wyndham Championship,2020-08-13T12:49:30.691191,estk_443bf2fd696df683499f65e84c5a381b,evt_443bf2fd696df683,Jim Furyk,PGA,63.77,62.86,1,0.03,4.0000,5.9300,5.5800,2.8100
$250 Wyndham Championship,2020-08-13T12:49:30.691202,estk_443bf2fd696df683d6797fef070c38d6,evt_443bf2fd696df683,Brice Garnett,PGA,62.7,62.82,2,0.03,3.9700,3.8200,5.5300,2.4200
$250 Wyndham Championship,2020-08-13T12:49:30.691213,estk_443bf2fd696df68317a7bca076b02aaf,evt_443bf2fd696df683,Patton Kizzire,PGA,60.1,62.7,5,0.04,3.9100,4.7300,5.3600,2.3400
$250 Wyndham Championship,2020-08-13T12:49:30.691223,estk_443bf2fd696df683bb1c6041a03f12aa,evt_443bf2fd696df683,Grayson Murray,PGA,61.56,61.94,1,0.01,3.7200,5.1500,5.1500,2.1500
$250 Wyndham Championship,2020-08-13T12:49:30.691234,estk_443bf2fd696df6834e3c375c77ca101d,evt_443bf2fd696df683,Tyler Duncan,PGA,59.65,62.07,6,0.06,3.6400,2.9500,5.3400,2.2000
$250 Wyndham Championship,2020-08-13T12:49:30.691241,estk_443bf2fd696df6838c0c59e9f95a36fc,evt_443bf2fd696df683,Graeme McDowell,PGA,63.04,61.41,-1,0.01,3.5700,3.9300,5.1200,2.5500
$250 Wyndham Championship,2020-08-13T12:49:30.691259,estk_443bf2fd696df683a994dc6df42c2b1e,evt_443bf2fd696df683,Nate Lashley,PGA,60.22,60.62,1,0.01,3.3200,3.1100,4.7800,1.9800
$250 Wyndham Championship,2020-08-13T12:49:30.691276,estk_443bf2fd696df68340e1350656ce7a59,evt_443bf2fd696df683,Brian Stuard,PGA,61.65,60.33,3,0.07,3.1100,3.5000,4.5600,2.0200
$250 Wyndham Championship,2020-08-13T12:49:30.691280,estk_443bf2fd696df683404d8fe8b6d05439,evt_443bf2fd696df683,Andrew Landry,PGA,59.48,59.89,1,0.01,3.1100,2.9100,4.5900,2.0000
$250 Wyndham Championship,2020-08-13T12:49:30.691283,estk_443bf2fd696df683edbbe9a8a4e2367d,evt_443bf2fd696df683,Maverick McNealy,PGA,59.19,60.27,7,0.1,3.0400,2.8500,4.4800,1.4800
$250 Wyndham Championship,2020-08-13T12:49:30.691287,estk_443bf2fd696df683f1c1c5d688ad50b6,evt_443bf2fd696df683,Danny Lee,PGA,59.08,59.49,1,0.01,3.0100,2.8100,4.4700,1.9900
$250 Wyndham Championship,2020-08-13T12:49:30.691301,estk_443bf2fd696df6839e26fd7ec152425f,evt_443bf2fd696df683,David Hearn,PGA,59,59.87,5,0.07,3.0000,4.4500,4.4500,1.9900
$250 Wyndham Championship,2020-08-13T12:49:30.691305,estk_443bf2fd696df6835a15f2b217b495d5,evt_443bf2fd696df683,Adam Schenk,PGA,59,59.87,5,0.07,2.9700,2.8100,4.4700,1.9700
$250 Wyndham Championship,2020-08-13T12:49:30.691327,estk_443bf2fd696df68352583207eaa894b7,evt_443bf2fd696df683,Scott Stallings,PGA,59.87,58.88,5,0.1,2.6800,3.0100,4.6900,1.5500
$250 Wyndham Championship,2020-08-13T12:49:30.691331,estk_443bf2fd696df6834e281614612a121e,evt_443bf2fd696df683,Nick Watney,PGA,59.96,58.36,2,0.06,2.6300,3.0300,4.1700,1.5800
$250 Wyndham Championship,2020-08-13T12:49:30.691338,estk_443bf2fd696df6836e6bae282dbde85d,evt_443bf2fd696df683,Jason Dufner,PGA,58.22,57.89,2,0.04,2.5500,4.2500,4.2200,1.3700
$250 Wyndham Championship,2020-08-13T12:49:30.691359,estk_443bf2fd696df683545854725c047326,evt_443bf2fd696df683,Pat Perez,PGA,55.92,56.56,4,0.06,2.2300,3.7800,3.7700,
$250 Wyndham Championship,2020-08-13T12:49:30.691378,estk_443bf2fd696df6832363d8ed897ee473,evt_443bf2fd696df683,Bronson Burgoon,PGA,56.93,55.36,-1,0.01,2.1100,3.9700,3.9500,1.2000
$250 Wyndham Championship,2020-08-13T12:49:30.691396,estk_443bf2fd696df6839833b63def7a8a43,evt_443bf2fd696df683,Scott Harrington,PGA,53.36,54.62,5,0.07,1.9000,3.3700,3.2600,
$250 Wyndham Championship,2020-08-13T12:49:30.691414,estk_443bf2fd696df68345d0540e3088a5bb,evt_443bf2fd696df683,John Senden,PGA,52.32,54.13,6,0.08,1.8100,3.2200,3.2200,1.9800
$250 Wyndham Championship,2020-08-13T12:49:30.691483,estk_443bf2fd696df683f2aa8d83ef18ae5d,evt_443bf2fd696df683,Matt Every,PGA,50.36,50.86,1,0.01,1.5100,1.4800,3.0300,
$250 Wyndham Championship,2020-08-13T12:49:30.691487,estk_443bf2fd696df683287d78ec15ac0462,evt_443bf2fd696df683,Martin Trainer,PGA,50.26,50.75,2,0.03,1.4800,1.4700,3.0300,
$250 Wyndham Championship,2020-08-13T12:49:30.691501,estk_443bf2fd696df6839a1bbfc930ac6051,evt_443bf2fd696df683,Robert Streb,PGA,49.37,49.42,4,0.08,1.3300,1.4000,2.9400,
$250 Wyndham Championship,2020-08-13T12:49:30.691504,estk_443bf2fd696df68364349aca49ddf059,evt_443bf2fd696df683,Austin Cook,PGA,49,49.06,3,0.06,1.3300,1.3700,2.9100,
$250 Wyndham Championship,2020-08-13T12:59:31.174216,estk_443bf2fd696df683503f60443b3bd112,evt_443bf2fd696df683,Webb Simpson,PGA,79.15,76.4,2,0.06,11.2200,12.3200,12.9300,9.5000
$250 Wyndham Championship,2020-08-13T12:59:31.174228,estk_443bf2fd696df683db5881f101cec470,evt_443bf2fd696df683,Justin Rose,PGA,74.58,72.6,1,0.04,8.7800,9.3800,10.2400,6.9400
$250 Wyndham Championship,2020-08-13T12:59:31.174232,estk_443bf2fd696df683a251d6b9cc0a07e5,evt_443bf2fd696df683,Sungjae Im,PGA,70.86,71.61,5,0.06,8.1000,7.2700,9.7300,6.2800
$250 Wyndham Championship,2020-08-13T12:59:31.174244,estk_443bf2fd696df6832ab98d8a9a770fd5,evt_443bf2fd696df683,Jordan Spieth,PGA,69.68,70.89,4,0.04,7.7600,6.6500,9.3300,5.6500
$250 Wyndham Championship,2020-08-13T12:59:31.174248,estk_443bf2fd696df683694b41dae4b8654f,evt_443bf2fd696df683,Lucas Glover,PGA,70.44,70.74,1,0.01,7.6900,7.0500,9.0400,6.0100
$250 Wyndham Championship,2020-08-13T12:59:31.174270,estk_443bf2fd696df6831fc545ba8ac8cb0b,evt_443bf2fd696df683,Rory Sabbatini,PGA,68.41,68.36,2,0.03,6.3800,6.0300,7.9900,4.8200
$250 Wyndham Championship,2020-08-13T12:59:31.174274,estk_443bf2fd696df68391386b499e2742a4,evt_443bf2fd696df683,Ryan Moore,PGA,68.9,68.21,0,0.01,6.3200,6.2800,8.1800,5.0800
$250 Wyndham Championship,2020-08-13T12:59:31.174278,estk_443bf2fd696df68356ab6ba90ba02e56,evt_443bf2fd696df683,Joaquin Niemann,PGA,69.43,68.26,3,0.06,6.3000,6.5200,7.8900,4.8600
$250 Wyndham Championship,2020-08-13T12:59:31.174286,estk_443bf2fd696df683170130e9fa731e23,evt_443bf2fd696df683,Jason Kokrak,PGA,69.7,67.73,5,0.1,5.9100,6.6600,7.6000,4.5500
$250 Wyndham Championship,2020-08-13T12:59:31.174301,estk_443bf2fd696df6833544479351e1ff63,evt_443bf2fd696df683,Billy Horschel,PGA,66.02,67.06,5,0.06,5.6500,5.0400,7.4700,4.0700
$250 Wyndham Championship,2020-08-13T12:59:31.174315,estk_443bf2fd696df6831ce4da0ea7a969fb,evt_443bf2fd696df683,Kevin Tway,PGA,66.02,66.06,4,0.06,5.2300,5.0100,6.8000,4.2500
$250 Wyndham Championship,2020-08-13T12:59:31.174334,estk_443bf2fd696df6831d4f740cf9f348cc,evt_443bf2fd696df683,Wyndham Clark,PGA,63.78,65.68,7,0.08,5.0100,4.1800,6.6300,2.9100
$250 Wyndham Championship,2020-08-13T12:59:31.174338,estk_443bf2fd696df683a5e32548021abe19,evt_443bf2fd696df683,Chez Reavie,PGA,65.24,65.28,2,0.03,4.9600,4.7100,6.5300,3.5400
$250 Wyndham Championship,2020-08-13T12:59:31.174349,estk_443bf2fd696df683bdc437a37a2c4345,evt_443bf2fd696df683,Patrick Rodgers,PGA,65.45,65.21,5,0.08,4.7700,4.8000,6.0900,3.2300
$250 Wyndham Championship,2020-08-13T12:59:31.174356,estk_443bf2fd696df68337a8104a8070199b,evt_443bf2fd696df683,Ryan Armour,PGA,65.44,64.82,2,0.04,4.7500,6.6000,6.6000,3.6000
$250 Wyndham Championship,2020-08-13T12:59:31.174368,estk_443bf2fd696df683f8ddff16f2dbed28,evt_443bf2fd696df683,Corey Conners,PGA,65.07,64.12,1,0.03,4.4900,6.4500,6.0600,3.3200
$250 Wyndham Championship,2020-08-13T12:59:31.174375,estk_443bf2fd696df6834fd2025821f57a83,evt_443bf2fd696df683,Brendon Todd,PGA,64.1,64.25,4,0.06,4.4500,6.0300,6.0300,3.0700
$250 Wyndham Championship,2020-08-13T12:59:31.174395,estk_443bf2fd696df683499f65e84c5a381b,evt_443bf2fd696df683,Jim Furyk,PGA,63.77,63.22,2,0.04,4.1100,5.9300,5.5800,2.8100
$250 Wyndham Championship,2020-08-13T12:59:31.174398,estk_443bf2fd696df683d6797fef070c38d6,evt_443bf2fd696df683,Brice Garnett,PGA,62.7,63.19,3,0.04,4.1100,3.8200,5.5300,2.5600
$250 Wyndham Championship,2020-08-13T12:59:31.174420,estk_443bf2fd696df683800e5acffcb2c354,evt_443bf2fd696df683,Bud Cauley,PGA,63.06,62.43,0,0.01,3.9100,5.6700,5.6700,2.8100
$250 Wyndham Championship,2020-08-13T12:59:31.174427,estk_443bf2fd696df6838c0c59e9f95a36fc,evt_443bf2fd696df683,Graeme McDowell,PGA,63.04,62.15,1,0.03,3.7700,3.9300,5.1200,2.5500
$250 Wyndham Championship,2020-08-13T12:59:31.174445,estk_443bf2fd696df683bb1c6041a03f12aa,evt_443bf2fd696df683,Grayson Murray,PGA,61.56,61.71,2,0.03,3.6100,5.1500,5.1500,2.1500
$250 Wyndham Championship,2020-08-13T12:59:31.174449,estk_443bf2fd696df683d3db04808a1c74b0,evt_443bf2fd696df683,Jhonattan Vegas,PGA,63.3,61.87,3,0.07,3.6000,4.0200,4.7500,2.0300
$250 Wyndham Championship,2020-08-13T12:59:31.174456,estk_443bf2fd696df68340e1350656ce7a59,evt_443bf2fd696df683,Brian Stuard,PGA,61.65,61.72,5,0.08,3.5200,3.5000,5.0900,2.0200
$250 Wyndham Championship,2020-08-13T12:59:31.174459,estk_443bf2fd696df68317a7bca076b02aaf,evt_443bf2fd696df683,Patton Kizzire,PGA,60.1,61.49,5,0.06,3.4800,4.7300,5.3600,2.3400
$250 Wyndham Championship,2020-08-13T12:59:31.174483,estk_443bf2fd696df6835a15f2b217b495d5,evt_443bf2fd696df683,Adam Schenk,PGA,59,60.28,6,0.08,3.1000,2.8100,4.4700,2.0200
$250 Wyndham Championship,2020-08-13T12:59:31.174505,estk_443bf2fd696df683a994dc6df42c2b1e,evt_443bf2fd696df683,Nate Lashley,PGA,60.22,59.41,1,0.03,2.9700,3.1100,4.7800,1.9800
$250 Wyndham Championship,2020-08-13T12:59:31.174519,estk_443bf2fd696df683404d8fe8b6d05439,evt_443bf2fd696df683,Andrew Landry,PGA,59.48,58.7,1,0.03,2.7900,2.9100,4.5900,1.5400
$250 Wyndham Championship,2020-08-13T12:59:31.174522,estk_443bf2fd696df6834e281614612a121e,evt_443bf2fd696df683,Nick Watney,PGA,59.96,58.76,3,0.07,2.7300,3.0300,4.1700,1.5800
$250 Wyndham Championship,2020-08-13T12:59:31.174548,estk_443bf2fd696df683545854725c047326,evt_443bf2fd696df683,Pat Perez,PGA,55.92,58.01,6,0.07,2.5200,3.7800,3.7700,
$250 Wyndham Championship,2020-08-13T12:59:31.174552,estk_443bf2fd696df6836e6bae282dbde85d,evt_443bf2fd696df683,Jason Dufner,PGA,58.22,57.73,3,0.06,2.5000,4.2500,4.2200,1.3700
$250 Wyndham Championship,2020-08-13T12:59:31.174569,estk_443bf2fd696df683408e07cab14ecb5c,evt_443bf2fd696df683,Kyoung-Hoon Lee,PGA,54.78,55.95,5,0.07,2.1300,3.5800,3.4300,
$250 Wyndham Championship,2020-08-13T12:59:31.174576,estk_443bf2fd696df68363ec4e5033098e73,evt_443bf2fd696df683,Charl Schwartzel,PGA,56.64,55.68,3,0.07,2.0700,3.9100,3.7400,
$250 Wyndham Championship,2020-08-13T12:59:31.174587,estk_443bf2fd696df6839833b63def7a8a43,evt_443bf2fd696df683,Scott Harrington,PGA,53.36,55.09,6,0.08,1.9700,3.3700,3.2600,
$250 Wyndham Championship,2020-08-13T12:59:31.174618,estk_443bf2fd696df683bf7563f8d908b8a5,evt_443bf2fd696df683,Tim Wilkinson,PGA,51.79,53.27,2,0.01,1.8000,3.1600,3.1300,
$250 Wyndham Championship,2020-08-13T12:59:31.174622,estk_443bf2fd696df683a9cf9571ae8d1395,evt_443bf2fd696df683,Adam Long,PGA,52.51,53.83,5,0.07,1.7900,3.2600,3.2500,
$250 Wyndham Championship,2020-08-13T12:59:31.174675,estk_443bf2fd696df683287d78ec15ac0462,evt_443bf2fd696df683,Martin Trainer,PGA,50.26,51.25,3,0.04,1.5300,1.4700,3.0300,
$250 Wyndham Championship,2020-08-13T12:59:31.174678,estk_443bf2fd696df683581730aeecfe5742,evt_443bf2fd696df683,David Berganio,PGA,51.28,50.77,0,0.01,1.5200,3.0800,3.0900,
$250 Wyndham Championship,2020-08-13T12:59:31.174682,estk_443bf2fd696df683f2aa8d83ef18ae5d,evt_443bf2fd696df683,Matt Every,PGA,50.36,50.85,2,0.03,1.4900,1.4800,3.0300,
$250 Wyndham Championship,2020-08-13T12:59:31.174689,estk_443bf2fd696df68364349aca49ddf059,evt_443bf2fd696df683,Austin Cook,PGA,49,50.57,5,0.07,1.4300,1.3700,2.9100,
$250 Wyndham Championship,2020-08-13T12:59:31.174699,estk_443bf2fd696df6839a1bbfc930ac6051,evt_443bf2fd696df683,Robert Streb,PGA,49.37,48.43,4,0.1,1.2500,1.4000,2.9400,
$250 Wyndham Championship,2020-08-13T13:09:31.746177,estk_443bf2fd696df68330ccd165c4aa611d,evt_443bf2fd696df683,Brooks Koepka,PGA,76.15,74.58,3,0.06,10.2000,10.3700,12.0700,8.6300
$250 Wyndham Championship,2020-08-13T13:09:31.746183,estk_443bf2fd696df683e64a0e6fb2b31683,evt_443bf2fd696df683,Rafa Cabrera Bello,PGA,71.6,72.87,7,0.08,8.9900,7.6600,10.6700,7.3500
$250 Wyndham Championship,2020-08-13T13:09:31.746187,estk_443bf2fd696df683db5881f101cec470,evt_443bf2fd696df683,Justin Rose,PGA,74.58,72.11,2,0.06,8.5800,9.3800,10.2400,6.9400
$250 Wyndham Championship,2020-08-13T13:09:31.746206,estk_443bf2fd696df6832ab98d8a9a770fd5,evt_443bf2fd696df683,Jordan Spieth,PGA,69.68,70.5,5,0.06,7.5800,6.6500,9.3300,5.9200
$250 Wyndham Championship,2020-08-13T13:09:31.746210,estk_443bf2fd696df683694b41dae4b8654f,evt_443bf2fd696df683,Lucas Glover,PGA,70.44,70.33,2,0.03,7.4900,7.0500,9.0400,6.0100
$250 Wyndham Championship,2020-08-13T13:09:31.746214,estk_443bf2fd696df683170130e9fa731e23,evt_443bf2fd696df683,Jason Kokrak,PGA,69.7,69.03,7,0.11,6.6500,6.6600,8.2600,5.0400
$250 Wyndham Championship,2020-08-13T13:09:31.746230,estk_443bf2fd696df683d8f0d69f88d3691a,evt_443bf2fd696df683,Doc Redman,PGA,68.27,68.22,2,0.03,6.3700,5.9600,7.8800,4.9100
$250 Wyndham Championship,2020-08-13T13:09:31.746237,estk_443bf2fd696df6831fc545ba8ac8cb0b,evt_443bf2fd696df683,Rory Sabbatini,PGA,68.41,67.67,2,0.04,6.0800,6.0300,7.9900,4.8200
$250 Wyndham Championship,2020-08-13T13:09:31.746256,estk_443bf2fd696df68356ab6ba90ba02e56,evt_443bf2fd696df683,Joaquin Niemann,PGA,69.43,66.57,2,0.07,5.4900,6.5200,7.0800,3.9000
$250 Wyndham Championship,2020-08-13T13:09:31.746281,estk_443bf2fd696df6833a3fd2efe45d4190,evt_443bf2fd696df683,Harold Varner III,PGA,64.62,65.68,3,0.03,5.1900,4.4900,6.7700,3.5300
$250 Wyndham Championship,2020-08-13T13:09:31.746289,estk_443bf2fd696df683a5e32548021abe19,evt_443bf2fd696df683,Chez Reavie,PGA,65.24,65.63,3,0.04,5.0900,4.7100,6.5300,3.5400
$250 Wyndham Championship,2020-08-13T13:09:31.746297,estk_443bf2fd696df6831e0083f260619709,evt_443bf2fd696df683,Sebastian Munoz,PGA,65.05,65.5,5,0.07,4.9800,6.4600,6.4600,3.4400
$250 Wyndham Championship,2020-08-13T13:09:31.746301,estk_443bf2fd696df6831d4f740cf9f348cc,evt_443bf2fd696df683,Wyndham Clark,PGA,63.78,65.4,8,0.1,4.8800,6.6300,6.4900,3.2800
$250 Wyndham Championship,2020-08-13T13:09:31.746309,estk_443bf2fd696df68328faa014509b0dcf,evt_443bf2fd696df683,Anirban Lahiri,PGA,64.12,64.48,1,0.01,4.6900,4.3000,6.0900,3.1000
$250 Wyndham Championship,2020-08-13T13:09:31.746328,estk_443bf2fd696df68333cbfa0bc2c99848,evt_443bf2fd696df683,Charley Hoffman,PGA,63.29,64.33,8,0.11,4.4100,4.0200,5.7800,2.6800
$250 Wyndham Championship,2020-08-13T13:09:31.746332,estk_443bf2fd696df683bdc437a37a2c4345,evt_443bf2fd696df683,Patrick Rodgers,PGA,65.45,63.91,5,0.1,4.2900,4.8000,6.0900,3.1400
$250 Wyndham Championship,2020-08-13T13:09:31.746335,estk_443bf2fd696df683f231f387a64bda8c,evt_443bf2fd696df683,Branden Grace,PGA,62.95,63.32,1,0.01,4.2300,3.9100,5.6400,2.6700
$250 Wyndham Championship,2020-08-13T13:09:31.746344,estk_443bf2fd696df68337a8104a8070199b,evt_443bf2fd696df683,Ryan Armour,PGA,65.44,63.51,2,0.06,4.1900,5.7900,5.7700,2.6300
$250 Wyndham Championship,2020-08-13T13:09:31.746348,estk_443bf2fd696df683a469dfc58a110587,evt_443bf2fd696df683,Brian Harman,PGA,62.74,63.11,1,0.01,4.1800,3.8300,5.5400,2.5800
$250 Wyndham Championship,2020-08-13T13:09:31.746352,estk_443bf2fd696df683800e5acffcb2c354,evt_443bf2fd696df683,Bud Cauley,PGA,63.06,63.17,2,0.03,4.1600,5.6700,5.6700,2.8100
$250 Wyndham Championship,2020-08-13T13:09:31.746360,estk_443bf2fd696df683dc45886d5b7d7c1b,evt_443bf2fd696df683,Russell Henley,PGA,62.48,62.86,1,0.01,4.0700,3.7600,5.4800,2.3600
$250 Wyndham Championship,2020-08-13T13:09:31.746372,estk_443bf2fd696df683d6797fef070c38d6,evt_443bf2fd696df683,Brice Garnett,PGA,62.7,62.94,4,0.06,3.9800,5.5300,5.5300,2.5600
$250 Wyndham Championship,2020-08-13T13:09:31.746376,estk_443bf2fd696df683f8ddff16f2dbed28,evt_443bf2fd696df683,Corey Conners,PGA,65.07,62.47,0,0.04,3.8500,6.4500,5.4300,2.8800
$250 Wyndham Championship,2020-08-13T13:09:31.746383,estk_443bf2fd696df6834e3c375c77ca101d,evt_443bf2fd696df683,Tyler Duncan,PGA,59.65,62.47,7,0.07,3.8000,2.9500,5.3400,2.2400
$250 Wyndham Championship,2020-08-13T13:09:31.746394,estk_443bf2fd696df683bb1c6041a03f12aa,evt_443bf2fd696df683,Grayson Murray,PGA,61.56,62.1,3,0.04,3.7600,5.1500,5.1500,2.1800
$250 Wyndham Championship,2020-08-13T13:09:31.746409,estk_443bf2fd696df683d579271267c1a31d,evt_443bf2fd696df683,J.J. Spaun,PGA,61,61.39,1,0.01,3.5900,3.3100,5.0100,1.9900
$250 Wyndham Championship,2020-08-13T13:09:31.746420,estk_443bf2fd696df68340e1350656ce7a59,evt_443bf2fd696df683,Brian Stuard,PGA,61.65,61.48,6,0.1,3.4300,3.5000,5.0900,2.0200
$250 Wyndham Championship,2020-08-13T13:09:31.746438,estk_443bf2fd696df6835a15f2b217b495d5,evt_443bf2fd696df683,Adam Schenk,PGA,59,61.1,8,0.1,3.2900,2.8100,4.4700,2.0200
$250 Wyndham Championship,2020-08-13T13:09:31.746443,estk_443bf2fd696df6839e26fd7ec152425f,evt_443bf2fd696df683,David Hearn,PGA,59,60.28,6,0.08,3.1100,4.4500,4.4500,1.9900
$250 Wyndham Championship,2020-08-13T13:09:31.746446,estk_443bf2fd696df6834e281614612a121e,evt_443bf2fd696df683,Nick Watney,PGA,59.96,60.16,5,0.08,3.0500,3.0300,4.1700,1.5800
$250 Wyndham Championship,2020-08-13T13:09:31.746464,estk_443bf2fd696df683f1c1c5d688ad50b6,evt_443bf2fd696df683,Danny Lee,PGA,59.08,59.31,2,0.03,2.9200,2.8100,4.4700,1.9900
$250 Wyndham Championship,2020-08-13T13:09:31.746468,estk_443bf2fd696df683404d8fe8b6d05439,evt_443bf2fd696df683,Andrew Landry,PGA,59.48,59.1,2,0.04,2.8700,2.9100,4.5900,1.5400
$250 Wyndham Championship,2020-08-13T13:09:31.746475,estk_443bf2fd696df6836e6bae282dbde85d,evt_443bf2fd696df683,Jason Dufner,PGA,58.22,59.14,5,0.07,2.8200,4.2500,4.2200,1.3700
$250 Wyndham Championship,2020-08-13T13:09:31.746479,estk_443bf2fd696df683d3db04808a1c74b0,evt_443bf2fd696df683,Jhonattan Vegas,PGA,63.3,59.24,1,0.08,2.8100,4.0200,4.7500,1.9700
$250 Wyndham Championship,2020-08-13T13:09:31.746493,estk_443bf2fd696df683edbbe9a8a4e2367d,evt_443bf2fd696df683,Maverick McNealy,PGA,59.19,58.68,6,0.11,2.6200,2.8500,4.4800,1.4800
$250 Wyndham Championship,2020-08-13T13:09:31.746511,estk_443bf2fd696df68352583207eaa894b7,evt_443bf2fd696df683,Scott Stallings,PGA,59.87,58.28,5,0.11,2.5100,3.0100,4.0700,1.5500
$250 Wyndham Championship,2020-08-13T13:09:31.746531,estk_443bf2fd696df683408e07cab14ecb5c,evt_443bf2fd696df683,Kyoung-Hoon Lee,PGA,54.78,56.4,6,0.08,2.1700,3.5800,3.4300,
$250 Wyndham Championship,2020-08-13T13:09:31.746534,estk_443bf2fd696df68363ec4e5033098e73,evt_443bf2fd696df683,Charl Schwartzel,PGA,56.64,56.11,4,0.08,2.1200,3.9100,3.7400,
$250 Wyndham Championship,2020-08-13T13:09:31.746538,estk_443bf2fd696df6832363d8ed897ee473,evt_443bf2fd696df683,Bronson Burgoon,PGA,56.93,55.22,0,0.03,2.0400,3.9700,3.9500,1.2000
$250 Wyndham Championship,2020-08-13T13:09:31.746553,estk_443bf2fd696df68398b6c3ebf18a16bb,evt_443bf2fd696df683,Chris Stroud,PGA,54.08,54.54,1,0.01,1.9600,1.8900,3.4800,
$250 Wyndham Championship,2020-08-13T13:09:31.746579,estk_443bf2fd696df68345d0540e3088a5bb,evt_443bf2fd696df683,John Senden,PGA,52.32,54.09,7,0.1,1.7700,3.2200,3.2200,
$250 Wyndham Championship,2020-08-13T13:09:31.746590,estk_443bf2fd696df683bf7563f8d908b8a5,evt_443bf2fd696df683,Tim Wilkinson,PGA,51.79,53.24,3,0.03,1.7600,3.1600,3.1300,
$250 Wyndham Championship,2020-08-13T13:09:31.746594,estk_443bf2fd696df6839833b63def7a8a43,evt_443bf2fd696df683,Scott Harrington,PGA,53.36,54.02,6,0.1,1.7500,3.3700,3.2600,
$250 Wyndham Championship,2020-08-13T13:09:31.746647,estk_443bf2fd696df683287d78ec15ac0462,evt_443bf2fd696df683,Martin Trainer,PGA,50.26,51.24,4,0.06,1.4900,1.4700,3.0300,
$250 Wyndham Championship,2020-08-13T13:09:31.746654,estk_443bf2fd696df68364349aca49ddf059,evt_443bf2fd696df683,Austin Cook,PGA,49,51.08,6,0.08,1.4500,2.9100,2.9100,
$250 Wyndham Championship,2020-08-13T13:09:31.746669,estk_443bf2fd696df6839a1bbfc930ac6051,evt_443bf2fd696df683,Robert Streb,PGA,49.37,47.94,4,0.11,1.2100,1.4000,2.9400,
$250 Wyndham Championship,2020-08-13T13:19:32.223450,estk_443bf2fd696df683503f60443b3bd112,evt_443bf2fd696df683,Webb Simpson,PGA,79.15,76.61,3,0.07,11.5400,12.3200,12.9300,9.7800
$250 Wyndham Championship,2020-08-13T13:19:32.223465,estk_443bf2fd696df683e64a0e6fb2b31683,evt_443bf2fd696df683,Rafa Cabrera Bello,PGA,71.6,71.44,7,0.1,8.0800,7.6600,9.7100,6.4000
$250 Wyndham Championship,2020-08-13T13:19:32.223472,estk_443bf2fd696df683a251d6b9cc0a07e5,evt_443bf2fd696df683,Sungjae Im,PGA,70.86,70.9,5,0.07,7.8000,7.2700,9.7300,6.5500
$250 Wyndham Championship,2020-08-13T13:19:32.223494,estk_443bf2fd696df683d8f0d69f88d3691a,evt_443bf2fd696df683,Doc Redman,PGA,68.27,68.54,3,0.04,6.5100,5.9600,7.8800,4.9100
$250 Wyndham Championship,2020-08-13T13:19:32.223502,estk_443bf2fd696df6833544479351e1ff63,evt_443bf2fd696df683,Billy Horschel,PGA,66.02,68.4,7,0.07,6.4000,5.0400,8.0100,4.7500
$250 Wyndham Championship,2020-08-13T13:19:32.223509,estk_443bf2fd696df68391386b499e2742a4,evt_443bf2fd696df683,Ryan Moore,PGA,68.9,67.83,1,0.03,6.1700,6.2800,8.1800,5.0800
$250 Wyndham Championship,2020-08-13T13:19:32.223517,estk_443bf2fd696df683170130e9fa731e23,evt_443bf2fd696df683,Jason Kokrak,PGA,69.7,67.64,7,0.13,5.8600,6.6600,7.4800,4.5500
$250 Wyndham Championship,2020-08-13T13:19:32.223531,estk_443bf2fd696df6833a3fd2efe45d4190,evt_443bf2fd696df683,Harold Varner III,PGA,64.62,67.04,5,0.04,5.7600,4.4900,7.3800,4.1800
$250 Wyndham Championship,2020-08-13T13:19:32.223535,estk_443bf2fd696df68356ab6ba90ba02e56,evt_443bf2fd696df683,Joaquin Niemann,PGA,69.43,66.88,3,0.08,5.6000,6.5200,7.0800,3.9800
$250 Wyndham Championship,2020-08-13T13:19:32.223543,estk_443bf2fd696df6831ce4da0ea7a969fb,evt_443bf2fd696df683,Kevin Tway,PGA,66.02,66.4,5,0.07,5.4100,5.0100,6.8000,4.2500
$250 Wyndham Championship,2020-08-13T13:19:32.223585,estk_443bf2fd696df6834fd2025821f57a83,evt_443bf2fd696df683,Brendon Todd,PGA,64.1,64.61,5,0.07,4.6300,6.0300,6.0300,3.0700
$250 Wyndham Championship,2020-08-13T13:19:32.223589,estk_443bf2fd696df6831d4f740cf9f348cc,evt_443bf2fd696df683,Wyndham Clark,PGA,63.78,64.76,8,0.11,4.6100,6.6300,6.4900,3.2800
$250 Wyndham Championship,2020-08-13T13:19:32.223600,estk_443bf2fd696df683bdc437a37a2c4345,evt_443bf2fd696df683,Patrick Rodgers,PGA,65.45,64.25,6,0.11,4.3900,6.0900,6.0000,3.1400
$250 Wyndham Championship,2020-08-13T13:19:32.223604,estk_443bf2fd696df683800e5acffcb2c354,evt_443bf2fd696df683,Bud Cauley,PGA,63.06,63.54,3,0.04,4.2700,5.6700,5.6700,2.8100
$250 Wyndham Championship,2020-08-13T13:19:32.223629,estk_443bf2fd696df683499f65e84c5a381b,evt_443bf2fd696df683,Jim Furyk,PGA,63.77,62.94,3,0.06,4.0400,5.5800,5.5900,2.8100
$250 Wyndham Championship,2020-08-13T13:19:32.223641,estk_443bf2fd696df68333cbfa0bc2c99848,evt_443bf2fd696df683,Charley Hoffman,PGA,63.29,63.06,8,0.13,3.9100,4.0200,5.7800,2.6700
$250 Wyndham Championship,2020-08-13T13:19:32.223644,estk_443bf2fd696df6838c0c59e9f95a36fc,evt_443bf2fd696df683,Graeme McDowell,PGA,63.04,62.52,2,0.04,3.9000,3.9300,5.1200,2.5500
$250 Wyndham Championship,2020-08-13T13:19:32.223648,estk_443bf2fd696df68340e1350656ce7a59,evt_443bf2fd696df683,Brian Stuard,PGA,61.65,62.87,8,0.11,3.8500,5.0900,5.0900,2.3000
$250 Wyndham Championship,2020-08-13T13:19:32.223666,estk_443bf2fd696df683f8ddff16f2dbed28,evt_443bf2fd696df683,Corey Conners,PGA,65.07,62.17,1,0.06,3.7200,6.4500,5.4300,2.8800
$250 Wyndham Championship,2020-08-13T13:19:32.223673,estk_443bf2fd696df68317a7bca076b02aaf,evt_443bf2fd696df683,Patton Kizzire,PGA,60.1,61.89,6,0.07,3.6200,5.3600,5.1800,2.3400
$250 Wyndham Championship,2020-08-13T13:19:32.223677,estk_443bf2fd696df683bb1c6041a03f12aa,evt_443bf2fd696df683,Grayson Murray,PGA,61.56,61.87,4,0.06,3.6100,5.1500,5.1500,2.1800
$250 Wyndham Championship,2020-08-13T13:19:32.223692,estk_443bf2fd696df6835a15f2b217b495d5,evt_443bf2fd696df683,Adam Schenk,PGA,59,61.51,9,0.11,3.4100,2.8100,4.9800,2.0200
$250 Wyndham Championship,2020-08-13T13:19:32.223710,estk_443bf2fd696df6834e281614612a121e,evt_443bf2fd696df683,Nick Watney,PGA,59.96,60.96,7,0.1,3.2500,3.0300,4.8300,1.6900
$250 Wyndham Championship,2020-08-13T13:19:32.223713,estk_443bf2fd696df683a994dc6df42c2b1e,evt_443bf2fd696df683,Nate Lashley,PGA,60.22,59.81,2,0.04,3.0400,3.1100,4.7800,1.9800
$250 Wyndham Championship,2020-08-13T13:19:32.223738,estk_443bf2fd696df683404d8fe8b6d05439,evt_443bf2fd696df683,Andrew Landry,PGA,59.48,58.91,3,0.06,2.7700,2.9100,4.5900,1.5400
$250 Wyndham Championship,2020-08-13T13:19:32.223741,estk_443bf2fd696df683f1c1c5d688ad50b6,evt_443bf2fd696df683,Danny Lee,PGA,59.08,58.72,2,0.04,2.7700,2.8100,4.4700,1.4800
$250 Wyndham Championship,2020-08-13T13:19:32.223745,estk_443bf2fd696df6839e26fd7ec152425f,evt_443bf2fd696df683,David Hearn,PGA,59,59.1,6,0.1,2.7400,4.4500,4.3200,1.8300
$250 Wyndham Championship,2020-08-13T13:19:32.223749,estk_443bf2fd696df683d3db04808a1c74b0,evt_443bf2fd696df683,Jhonattan Vegas,PGA,63.3,58.97,2,0.1,2.7300,4.0200,4.2500,1.6500
$250 Wyndham Championship,2020-08-13T13:19:32.223762,estk_443bf2fd696df683545854725c047326,evt_443bf2fd696df683,Pat Perez,PGA,55.92,58.45,7,0.08,2.6100,3.7800,3.7700,
$250 Wyndham Championship,2020-08-13T13:19:32.223773,estk_443bf2fd696df68352583207eaa894b7,evt_443bf2fd696df683,Scott Stallings,PGA,59.87,58.09,6,0.13,2.4500,3.0100,4.0700,1.5500
$250 Wyndham Championship,2020-08-13T13:19:32.223784,estk_443bf2fd696df6832363d8ed897ee473,evt_443bf2fd696df683,Bronson Burgoon,PGA,56.93,56.65,2,0.04,2.3100,3.9700,3.9500,1.2000
$250 Wyndham Championship,2020-08-13T13:19:32.223794,estk_443bf2fd696df683edbbe9a8a4e2367d,evt_443bf2fd696df683,Maverick McNealy,PGA,59.19,56.5,5,0.13,2.1300,3.6600,3.6600,1.2000
$250 Wyndham Championship,2020-08-13T13:19:32.223798,estk_443bf2fd696df683408e07cab14ecb5c,evt_443bf2fd696df683,Kyoung-Hoon Lee,PGA,54.78,56.3,7,0.1,2.1300,3.5800,3.4300,
$250 Wyndham Championship,2020-08-13T13:19:32.223802,estk_443bf2fd696df68398b6c3ebf18a16bb,evt_443bf2fd696df683,Chris Stroud,PGA,54.08,55.46,3,0.03,2.1000,1.8900,3.4800,
$250 Wyndham Championship,2020-08-13T13:19:32.223806,estk_443bf2fd696df68363ec4e5033098e73,evt_443bf2fd696df683,Charl Schwartzel,PGA,56.64,55.98,5,0.1,2.0700,3.9100,3.7400,
$250 Wyndham Championship,2020-08-13T13:19:32.223830,estk_443bf2fd696df6839833b63def7a8a43,evt_443bf2fd696df683,Scott Harrington,PGA,53.36,54.49,7,0.11,1.8200,3.3700,3.2600,
$250 Wyndham Championship,2020-08-13T13:19:32.223835,estk_443bf2fd696df68345d0540e3088a5bb,evt_443bf2fd696df683,John Senden,PGA,52.32,54.56,8,0.11,1.8200,3.2200,3.2200,
$250 Wyndham Championship,2020-08-13T13:19:32.223856,estk_443bf2fd696df683534ac8d88803e8dc,evt_443bf2fd696df683,Doug Ghim,PGA,52.54,53.01,1,0.01,1.7500,3.2600,3.2200,
$250 Wyndham Championship,2020-08-13T13:19:32.223884,estk_443bf2fd696df68320ad6ea6094c9107,evt_443bf2fd696df683,Mark Anderson,PGA,51.16,51.65,1,0.01,1.5900,3.1000,3.1000,
$250 Wyndham Championship,2020-08-13T13:19:32.223901,estk_443bf2fd696df683f2aa8d83ef18ae5d,evt_443bf2fd696df683,Matt Every,PGA,50.36,51.35,3,0.04,1.5300,1.4800,3.0300,
$250 Wyndham Championship,2020-08-13T13:19:32.223908,estk_443bf2fd696df683581730aeecfe5742,evt_443bf2fd696df683,David Berganio,PGA,51.28,50.74,1,0.03,1.4800,3.0800,3.0900,
$250 Wyndham Championship,2020-08-13T13:19:32.223925,estk_443bf2fd696df6839a1bbfc930ac6051,evt_443bf2fd696df683,Robert Streb,PGA,49.37,47.95,5,0.13,1.2000,1.4000,2.9400,
$250 Wyndham Championship,2020-08-13T13:29:32.664512,estk_443bf2fd696df68330ccd165c4aa611d,evt_443bf2fd696df683,Brooks Koepka,PGA,76.15,74.82,4,0.07,10.3400,10.3700,12.0700,8.6600
$250 Wyndham Championship,2020-08-13T13:29:32.664517,estk_443bf2fd696df683db5881f101cec470,evt_443bf2fd696df683,Justin Rose,PGA,74.58,72.36,3,0.07,8.6800,9.3800,10.2400,7.0300
$250 Wyndham Championship,2020-08-13T13:29:32.664521,estk_443bf2fd696df683a251d6b9cc0a07e5,evt_443bf2fd696df683,Sungjae Im,PGA,70.86,72.19,7,0.08,8.5300,7.2700,9.7300,6.5500
$250 Wyndham Championship,2020-08-13T13:29:32.664533,estk_443bf2fd696df683694b41dae4b8654f,evt_443bf2fd696df683,Lucas Glover,PGA,70.44,70.62,3,0.04,7.7000,7.0500,9.0400,6.0600
$250 Wyndham Championship,2020-08-13T13:29:32.664544,estk_443bf2fd696df6832ab98d8a9a770fd5,evt_443bf2fd696df683,Jordan Spieth,PGA,69.68,69.8,5,0.07,7.1300,6.6500,8.7800,5.9200
$250 Wyndham Championship,2020-08-13T13:29:32.664558,estk_443bf2fd696df6831fc545ba8ac8cb0b,evt_443bf2fd696df683,Rory Sabbatini,PGA,68.41,68.31,4,0.06,6.3800,6.0300,7.9900,4.8200
$250 Wyndham Championship,2020-08-13T13:29:32.664570,estk_443bf2fd696df68391386b499e2742a4,evt_443bf2fd696df683,Ryan Moore,PGA,68.9,68.14,2,0.04,6.3000,6.2800,8.1800,5.0800
$250 Wyndham Championship,2020-08-13T13:29:32.664577,estk_443bf2fd696df6831e0083f260619709,evt_443bf2fd696df683,Sebastian Munoz,PGA,65.05,67.55,9,0.1,5.8900,6.4600,7.4700,
$250 Wyndham Championship,2020-08-13T13:29:32.664595,estk_443bf2fd696df6833a3fd2efe45d4190,evt_443bf2fd696df683,Harold Varner III,PGA,64.62,66.74,6,0.06,5.5700,4.4900,7.3800,3.9200
$250 Wyndham Championship,2020-08-13T13:29:32.664606,estk_443bf2fd696df683a5e32548021abe19,evt_443bf2fd696df683,Chez Reavie,PGA,65.24,66.33,5,0.06,5.3700,4.7100,6.5300,3.7400
$250 Wyndham Championship,2020-08-13T13:29:32.664667,estk_443bf2fd696df683bdc437a37a2c4345,evt_443bf2fd696df683,Patrick Rodgers,PGA,65.45,64.94,8,0.13,4.6100,6.0900,6.0000,3.1400
$250 Wyndham Championship,2020-08-13T13:29:32.664679,estk_443bf2fd696df68328faa014509b0dcf,evt_443bf2fd696df683,Anirban Lahiri,PGA,64.12,64.2,2,0.03,4.5200,4.3000,6.0900,3.1000
$250 Wyndham Championship,2020-08-13T13:29:32.664683,estk_443bf2fd696df683f231f387a64bda8c,evt_443bf2fd696df683,Branden Grace,PGA,62.95,64.06,3,0.03,4.4800,5.6400,5.6400,2.8800
$250 Wyndham Championship,2020-08-13T13:29:32.664704,estk_443bf2fd696df683d6797fef070c38d6,evt_443bf2fd696df683,Brice Garnett,PGA,62.7,63.31,5,0.07,4.1100,5.5300,5.5300,2.5600
$250 Wyndham Championship,2020-08-13T13:29:32.664708,estk_443bf2fd696df683a469dfc58a110587,evt_443bf2fd696df683,Brian Harman,PGA,62.74,62.86,2,0.03,4.0000,3.8300,5.5400,2.5800
$250 Wyndham Championship,2020-08-13T13:29:32.664723,estk_443bf2fd696df6834e3c375c77ca101d,evt_443bf2fd696df683,Tyler Duncan,PGA,59.65,62.88,8,0.08,3.9300,2.9500,5.3400,2.3000
$250 Wyndham Championship,2020-08-13T13:29:32.664726,estk_443bf2fd696df683dc45886d5b7d7c1b,evt_443bf2fd696df683,Russell Henley,PGA,62.48,62.61,2,0.03,3.9100,3.7600,5.4800,2.3600
$250 Wyndham Championship,2020-08-13T13:29:32.664741,estk_443bf2fd696df6838c0c59e9f95a36fc,evt_443bf2fd696df683,Graeme McDowell,PGA,63.04,62.26,3,0.06,3.7700,3.9300,5.1200,2.5500
$250 Wyndham Championship,2020-08-13T13:29:32.664769,estk_443bf2fd696df683d579271267c1a31d,evt_443bf2fd696df683,J.J. Spaun,PGA,61,61.17,2,0.03,3.4400,5.0100,5.0100,2.0000
$250 Wyndham Championship,2020-08-13T13:29:32.664797,estk_443bf2fd696df683a994dc6df42c2b1e,evt_443bf2fd696df683,Nate Lashley,PGA,60.22,60.61,4,0.06,3.2000,3.1100,4.7800,1.9800
$250 Wyndham Championship,2020-08-13T13:29:32.664811,estk_443bf2fd696df6836e6bae282dbde85d,evt_443bf2fd696df683,Jason Dufner,PGA,58.22,59.56,6,0.08,2.8800,4.2500,4.2200,1.3700
$250 Wyndham Championship,2020-08-13T13:29:32.664818,estk_443bf2fd696df6839e26fd7ec152425f,evt_443bf2fd696df683,David Hearn,PGA,59,59.51,7,0.11,2.8000,4.4500,4.3200,1.8300
$250 Wyndham Championship,2020-08-13T13:29:32.664853,estk_443bf2fd696df683545854725c047326,evt_443bf2fd696df683,Pat Perez,PGA,55.92,58.33,8,0.1,2.5200,3.7800,3.7700,
$250 Wyndham Championship,2020-08-13T13:29:32.664878,estk_443bf2fd696df68398b6c3ebf18a16bb,evt_443bf2fd696df683,Chris Stroud,PGA,54.08,55.92,4,0.04,2.1400,1.8900,3.4800,
$250 Wyndham Championship,2020-08-13T13:29:32.664909,estk_443bf2fd696df683a9cf9571ae8d1395,evt_443bf2fd696df683,Adam Long,PGA,52.51,54.31,6,0.08,1.8200,3.2600,3.2500,
$250 Wyndham Championship,2020-08-13T13:29:32.664923,estk_443bf2fd696df6839833b63def7a8a43,evt_443bf2fd696df683,Scott Harrington,PGA,53.36,54.42,8,0.13,1.7700,3.3700,3.2600,
$250 Wyndham Championship,2020-08-13T13:29:32.664945,estk_443bf2fd696df683194d0643ec6a54ff,evt_443bf2fd696df683,Michael Gligic,PGA,51.16,52.65,2,0.01,1.6800,3.1000,3.0600,
$250 Wyndham Championship,2020-08-13T13:29:32.664956,estk_443bf2fd696df6836c585da9e4b2ba79,evt_443bf2fd696df683,Tom Lewis,PGA,51.87,52.35,1,0.01,1.6600,1.6300,3.1700,
$250 Wyndham Championship,2020-08-13T13:29:32.664960,estk_443bf2fd696df683bf7563f8d908b8a5,evt_443bf2fd696df683,Tim Wilkinson,PGA,51.79,52.72,3,0.04,1.6600,3.1600,3.1300,
$250 Wyndham Championship,2020-08-13T13:29:32.664974,estk_443bf2fd696df683f2aa8d83ef18ae5d,evt_443bf2fd696df683,Matt Every,PGA,50.36,52.34,5,0.06,1.5800,1.4800,3.0300,
$250 Wyndham Championship,2020-08-13T13:29:32.665001,estk_443bf2fd696df68364349aca49ddf059,evt_443bf2fd696df683,Austin Cook,PGA,49,51.1,7,0.1,1.4200,2.9100,2.9100,
$250 Wyndham Championship,2020-08-13T13:39:33.142899,estk_443bf2fd696df683503f60443b3bd112,evt_443bf2fd696df683,Webb Simpson,PGA,79.15,77.82,5,0.08,12.1900,12.3200,13.9600,9.8500
$250 Wyndham Championship,2020-08-13T13:39:33.142918,estk_443bf2fd696df683e64a0e6fb2b31683,evt_443bf2fd696df683,Rafa Cabrera Bello,PGA,71.6,71.72,8,0.11,8.0900,7.6600,9.7100,6.4300
$250 Wyndham Championship,2020-08-13T13:39:33.142934,estk_443bf2fd696df683694b41dae4b8654f,evt_443bf2fd696df683,Lucas Glover,PGA,70.44,70.21,4,0.06,7.2900,7.0500,9.0400,6.0600
