name,time,id,event_id,stock_name,sector,fantasy_points_projected,fantasy_points_projected_live,fantasy_points_scored,amount_completed,estimated_price,last_price,ask_price,bid_price
Northern Trust Test Market,2020-08-20T09:06:22.623115,estk_f56bbcdde611f2b6f659aa7b5b2176ee,evt_f56bbcdde611f2b6,Collin Morikawa,PGA,78.58,,,,9.8500,1.4500,,
Northern Trust Test Market,2020-08-20T09:06:22.623145,estk_f56bbcdde611f2b6077d445dd9eef8da,evt_f56bbcdde611f2b6,Patrick Cantlay,PGA,77.93,,,,9.5000,1.4400,,
Northern Trust Test Market,2020-08-20T09:06:22.623150,estk_f56bbcdde611f2b6503f60443b3bd112,evt_f56bbcdde611f2b6,Webb Simpson,PGA,76.61,,,,8.8200,1.4100,,
Northern Trust Test Market,2020-08-20T09:06:22.623154,estk_f56bbcdde611f2b6f40801c5943c8d94,evt_f56bbcdde611f2b6,Jon Rahm,PGA,75.84,,,,8.4000,1.3900,,
Northern Trust Test Market,2020-08-20T09:06:22.623158,estk_f56bbcdde611f2b603fcb99bd098267b,evt_f56bbcdde611f2b6,Patrick Reed,PGA,75.5,,,,8.1600,1.3700,,
Northern Trust Test Market,2020-08-20T09:06:22.623163,estk_f56bbcdde611f2b6e0b5b2fc83a00c65,evt_f56bbcdde611f2b6,Gary Woodland,PGA,74.87,,,,7.8400,1.3400,,
Northern Trust Test Market,2020-08-20T09:06:22.623167,estk_f56bbcdde611f2b6385c664e153f199a,evt_f56bbcdde611f2b6,Rory McIlroy,PGA,74.87,,,,7.8400,1.3400,,
Northern Trust Test Market,2020-08-20T09:06:22.623171,estk_f56bbcdde611f2b6d11048af6a9aa9e4,evt_f56bbcdde611f2b6,Bryson DeChambeau,PGA,74.79,,,,7.7300,1.3500,,
Northern Trust Test Market,2020-08-20T09:06:22.623175,estk_f56bbcdde611f2b66e48ec89ea29f9f8,evt_f56bbcdde611f2b6,Justin Thomas,PGA,74.23,,,,7.5400,1.3400,,
Northern Trust Test Market,2020-08-20T09:06:22.623178,estk_f56bbcdde611f2b68eb46850755a695e,evt_f56bbcdde611f2b6,Xander Schauffele,PGA,73.96,,,,7.4200,1.3300,,
Northern Trust Test Market,2020-08-20T09:06:22.623182,estk_f56bbcdde611f2b6514f8f232f286c88,evt_f56bbcdde611f2b6,Tiger Woods,PGA,72.43,,,,6.6100,1.2900,,
Northern Trust Test Market,2020-08-20T09:06:22.623186,estk_f56bbcdde611f2b6ecdd9ee6a8267442,evt_f56bbcdde611f2b6,Abraham Ancer,PGA,72.44,,,,6.5900,1.2900,,
Northern Trust Test Market,2020-08-20T09:06:22.623190,estk_f56bbcdde611f2b6db5881f101cec470,evt_f56bbcdde611f2b6,Justin Rose,PGA,72.15,,,,6.4300,1.2700,,
Northern Trust Test Market,2020-08-20T09:06:22.623193,estk_f56bbcdde611f2b6c2291b803160b17e,evt_f56bbcdde611f2b6,Daniel Berger,PGA,71.55,,,,6.2100,1.2700,,
Northern Trust Test Market,2020-08-20T09:06:22.623197,estk_f56bbcdde611f2b6d84407620d2d9cf0,evt_f56bbcdde611f2b6,Tony Finau,PGA,71.23,,,,6.1500,1.2700,,
Northern Trust Test Market,2020-08-20T09:06:22.623200,estk_f56bbcdde611f2b6fe200133ec8a6c41,evt_f56bbcdde611f2b6,Tyrrell Hatton,PGA,71.22,,,,5.9800,1.2600,,
Northern Trust Test Market,2020-08-20T09:06:22.623204,estk_f56bbcdde611f2b66db374755563ce83,evt_f56bbcdde611f2b6,Bubba Watson,PGA,70.83,,,,5.7500,1.2400,,
Northern Trust Test Market,2020-08-20T09:06:22.623207,estk_f56bbcdde611f2b633ae0bbc78db2949,evt_f56bbcdde611f2b6,Dustin Johnson,PGA,70.22,,,,5.5600,1.2400,,
Northern Trust Test Market,2020-08-20T09:06:22.623211,estk_f56bbcdde611f2b63116b24358a8f507,evt_f56bbcdde611f2b6,Louis Oosthuizen,PGA,69.85,,,,5.4200,1.2300,,
Northern Trust Test Market,2020-08-20T09:06:22.623215,estk_f56bbcdde611f2b6527c5abfc1093b26,evt_f56bbcdde611f2b6,Hideki Matsuyama,PGA,69.53,,,,5.3900,1.2300,,
Northern Trust Test Market,2020-08-20T09:06:22.623219,estk_f56bbcdde611f2b69cb9fc3fe55be3c0,evt_f56bbcdde611f2b6,Adam Scott,PGA,69.44,,,,5.2500,1.2200,,
Northern Trust Test Market,2020-08-20T09:06:22.623223,estk_f56bbcdde611f2b6a8b79a109f7cf8a2,evt_f56bbcdde611f2b6,Byeong Hun An,PGA,68.97,,,,5.1100,1.2100,,
Northern Trust Test Market,2020-08-20T09:06:22.623226,estk_f56bbcdde611f2b6dc1e23aa4cb30164,evt_f56bbcdde611f2b6,Marc Leishman,PGA,68.7,,,,4.9900,1.2000,,
Northern Trust Test Market,2020-08-20T09:06:22.623230,estk_f56bbcdde611f2b62203f644cb3905c3,evt_f56bbcdde611f2b6,Jason Day,PGA,68.71,,,,4.9800,1.2000,,
Northern Trust Test Market,2020-08-20T09:06:22.623234,estk_f56bbcdde611f2b630ccd165c4aa611d,evt_f56bbcdde611f2b6,Brooks Koepka,PGA,0,,,,1.0000,1.0000,,
Northern Trust Test Market,2020-08-20T11:06:28.599309,estk_f56bbcdde611f2b6f659aa7b5b2176ee,evt_f56bbcdde611f2b6,Collin Morikawa,PGA,78.58,78.58,0,0,9.9700,9.5900,11.6300,
Northern Trust Test Market,2020-08-20T11:06:28.599338,estk_f56bbcdde611f2b6077d445dd9eef8da,evt_f56bbcdde611f2b6,Patrick Cantlay,PGA,77.93,77.93,0,0,9.6100,9.2200,11.2200,
Northern Trust Test Market,2020-08-20T11:06:28.599344,estk_f56bbcdde611f2b6503f60443b3bd112,evt_f56bbcdde611f2b6,Webb Simpson,PGA,76.61,76.61,0,0,8.8100,8.5000,10.4900,
Northern Trust Test Market,2020-08-20T11:06:28.599349,estk_f56bbcdde611f2b6f40801c5943c8d94,evt_f56bbcdde611f2b6,Jon Rahm,PGA,75.84,75.84,0,0,8.2300,8.0200,9.9000,
Northern Trust Test Market,2020-08-20T11:06:28.599353,estk_f56bbcdde611f2b603fcb99bd098267b,evt_f56bbcdde611f2b6,Patrick Reed,PGA,75.5,75.5,0,0,8.2000,7.8800,9.8700,
Northern Trust Test Market,2020-08-20T11:06:28.599358,estk_f56bbcdde611f2b6385c664e153f199a,evt_f56bbcdde611f2b6,Rory McIlroy,PGA,74.87,74.87,0,0,7.8000,7.5700,9.5000,
Northern Trust Test Market,2020-08-20T11:06:28.599362,estk_f56bbcdde611f2b6d11048af6a9aa9e4,evt_f56bbcdde611f2b6,Bryson DeChambeau,PGA,74.79,74.79,0,0,7.7600,7.4700,9.4500,
Northern Trust Test Market,2020-08-20T11:06:28.599366,estk_f56bbcdde611f2b6e0b5b2fc83a00c65,evt_f56bbcdde611f2b6,Gary Woodland,PGA,74.87,74.87,0,0,7.7500,7.5600,9.5000,
Northern Trust Test Market,2020-08-20T11:06:28.599371,estk_f56bbcdde611f2b66e48ec89ea29f9f8,evt_f56bbcdde611f2b6,Justin Thomas,PGA,74.23,74.23,0,0,7.5000,7.2800,9.1600,
Northern Trust Test Market,2020-08-20T11:06:28.599375,estk_f56bbcdde611f2b68eb46850755a695e,evt_f56bbcdde611f2b6,Xander Schauffele,PGA,73.96,73.96,0,0,7.3800,7.0800,8.9400,
Northern Trust Test Market,2020-08-20T11:06:28.599380,estk_f56bbcdde611f2b6514f8f232f286c88,evt_f56bbcdde611f2b6,Tiger Woods,PGA,72.43,72.43,0,0,6.6000,6.3500,8.2300,
Northern Trust Test Market,2020-08-20T11:06:28.599384,estk_f56bbcdde611f2b6ecdd9ee6a8267442,evt_f56bbcdde611f2b6,Abraham Ancer,PGA,72.44,72.44,0,0,6.5600,6.3900,8.2200,
Northern Trust Test Market,2020-08-20T11:06:28.599388,estk_f56bbcdde611f2b6db5881f101cec470,evt_f56bbcdde611f2b6,Justin Rose,PGA,72.15,72.15,0,0,6.4000,6.1600,8.0600,
Northern Trust Test Market,2020-08-20T11:06:28.599392,estk_f56bbcdde611f2b6c2291b803160b17e,evt_f56bbcdde611f2b6,Daniel Berger,PGA,71.55,71.55,0,0,6.2400,5.9600,7.7200,
Northern Trust Test Market,2020-08-20T11:06:28.599396,estk_f56bbcdde611f2b6fe200133ec8a6c41,evt_f56bbcdde611f2b6,Tyrrell Hatton,PGA,71.22,71.22,0,0,6.1200,5.8000,7.5300,
Northern Trust Test Market,2020-08-20T11:06:28.599400,estk_f56bbcdde611f2b6d84407620d2d9cf0,evt_f56bbcdde611f2b6,Tony Finau,PGA,71.23,71.23,0,0,6.0700,5.8000,7.6900,
Northern Trust Test Market,2020-08-20T11:06:28.599403,estk_f56bbcdde611f2b66db374755563ce83,evt_f56bbcdde611f2b6,Bubba Watson,PGA,70.83,70.83,0,0,5.8000,5.6100,7.3700,
Northern Trust Test Market,2020-08-20T11:06:28.599407,estk_f56bbcdde611f2b633ae0bbc78db2949,evt_f56bbcdde611f2b6,Dustin Johnson,PGA,70.22,70.22,0,0,5.5500,5.3500,7.0800,
Northern Trust Test Market,2020-08-20T11:06:28.599411,estk_f56bbcdde611f2b63116b24358a8f507,evt_f56bbcdde611f2b6,Louis Oosthuizen,PGA,69.85,69.85,0,0,5.4700,5.2400,6.9500,
Northern Trust Test Market,2020-08-20T11:06:28.599416,estk_f56bbcdde611f2b69cb9fc3fe55be3c0,evt_f56bbcdde611f2b6,Adam Scott,PGA,69.44,69.44,0,0,5.3400,5.0900,6.8200,
Northern Trust Test Market,2020-08-20T11:06:28.599421,estk_f56bbcdde611f2b6527c5abfc1093b26,evt_f56bbcdde611f2b6,Hideki Matsuyama,PGA,69.53,69.53,0,0,5.3000,5.0800,6.8800,
Northern Trust Test Market,2020-08-20T11:06:28.599426,estk_f56bbcdde611f2b6dc1e23aa4cb30164,evt_f56bbcdde611f2b6,Marc Leishman,PGA,68.7,68.7,0,0,5.0600,4.8500,6.5400,
Northern Trust Test Market,2020-08-20T11:06:28.599430,estk_f56bbcdde611f2b6a8b79a109f7cf8a2,evt_f56bbcdde611f2b6,Byeong Hun An,PGA,68.97,68.97,0,0,5.0500,4.9100,6.6500,
Northern Trust Test Market,2020-08-20T11:06:28.599434,estk_f56bbcdde611f2b62203f644cb3905c3,evt_f56bbcdde611f2b6,Jason Day,PGA,68.71,68.71,0,0,4.9400,4.8000,6.6600,
Northern Trust Test Market,2020-08-20T11:06:28.599438,estk_f56bbcdde611f2b630ccd165c4aa611d,evt_f56bbcdde611f2b6,Brooks Koepka,PGA,0,0,0,0,1.0000,1.0000,2.5200,
Northern Trust Test Market,2020-08-20T11:26:29.589335,estk_f56bbcdde611f2b630ccd165c4aa611d,evt_f56bbcdde611f2b6,Brooks Koepka,PGA,0,0,0,1,1.0000,1.0000,2.5200,
Northern Trust Test Market,2020-08-20T12:16:32.205891,estk_f56bbcdde611f2b62203f644cb3905c3,evt_f56bbcdde611f2b6,Jason Day,PGA,68.71,70.02,2,0.01,5.4300,4.8000,6.6600,3.8200
Northern Trust Test Market,2020-08-20T12:26:32.665960,estk_f56bbcdde611f2b6077d445dd9eef8da,evt_f56bbcdde611f2b6,Patrick Cantlay,PGA,77.93,78.15,1,0.01,9.4900,9.2200,11.2200,8.2700
Northern Trust Test Market,2020-08-20T12:26:32.665972,estk_f56bbcdde611f2b6e0b5b2fc83a00c65,evt_f56bbcdde611f2b6,Gary Woodland,PGA,74.87,76.12,2,0.01,8.3700,7.5600,10.0100,6.6100
Northern Trust Test Market,2020-08-20T12:26:32.665999,estk_f56bbcdde611f2b6ecdd9ee6a8267442,evt_f56bbcdde611f2b6,Abraham Ancer,PGA,72.44,73.72,2,0.01,7.1800,6.3900,8.7700,5.0300
Northern Trust Test Market,2020-08-20T12:26:32.666025,estk_f56bbcdde611f2b633ae0bbc78db2949,evt_f56bbcdde611f2b6,Dustin Johnson,PGA,70.22,70.52,1,0.01,5.7000,5.3500,7.0800,4.1300
Northern Trust Test Market,2020-08-20T12:26:32.666045,estk_f56bbcdde611f2b6a8b79a109f7cf8a2,evt_f56bbcdde611f2b6,Byeong Hun An,PGA,68.97,69.28,1,0.01,5.1000,4.9100,6.6500,4.1300
Northern Trust Test Market,2020-08-20T12:26:32.666049,estk_f56bbcdde611f2b6dc1e23aa4cb30164,evt_f56bbcdde611f2b6,Marc Leishman,PGA,68.7,69.01,1,0.01,5.0000,4.8500,6.5400,3.4300
Northern Trust Test Market,2020-08-20T12:36:33.214239,estk_f56bbcdde611f2b6385c664e153f199a,evt_f56bbcdde611f2b6,Rory McIlroy,PGA,74.87,75.12,1,0.01,7.8300,7.5700,9.5000,6.1600
Northern Trust Test Market,2020-08-20T12:36:33.214256,estk_f56bbcdde611f2b6ecdd9ee6a8267442,evt_f56bbcdde611f2b6,Abraham Ancer,PGA,72.44,73.27,3,0.03,6.8200,6.3900,8.7700,5.0300
Northern Trust Test Market,2020-08-20T12:36:33.214267,estk_f56bbcdde611f2b6c2291b803160b17e,evt_f56bbcdde611f2b6,Daniel Berger,PGA,71.55,71.83,1,0.01,6.2900,5.9600,7.7200,4.7400
Northern Trust Test Market,2020-08-20T12:36:33.214278,estk_f56bbcdde611f2b633ae0bbc78db2949,evt_f56bbcdde611f2b6,Dustin Johnson,PGA,70.22,71.11,3,0.03,5.8700,5.3500,7.0800,4.1300
Northern Trust Test Market,2020-08-20T12:36:33.214294,estk_f56bbcdde611f2b62203f644cb3905c3,evt_f56bbcdde611f2b6,Jason Day,PGA,68.71,69.65,3,0.03,5.2600,4.8000,6.6600,3.9100
Northern Trust Test Market,2020-08-20T12:36:33.214306,estk_f56bbcdde611f2b6dc1e23aa4cb30164,evt_f56bbcdde611f2b6,Marc Leishman,PGA,68.7,68.64,2,0.03,4.8000,4.8500,6.5400,3.4300
Northern Trust Test Market,2020-08-20T12:46:33.698734,estk_f56bbcdde611f2b6f659aa7b5b2176ee,evt_f56bbcdde611f2b6,Collin Morikawa,PGA,78.58,78.79,1,0.01,10.0700,9.5900,11.6300,8.2700
Northern Trust Test Market,2020-08-20T12:46:33.698764,estk_f56bbcdde611f2b6077d445dd9eef8da,evt_f56bbcdde611f2b6,Patrick Cantlay,PGA,77.93,78.59,3,0.03,9.7500,9.2200,11.2200,8.2700
Northern Trust Test Market,2020-08-20T12:46:33.698770,estk_f56bbcdde611f2b6503f60443b3bd112,evt_f56bbcdde611f2b6,Webb Simpson,PGA,76.61,76.84,1,0.01,8.9100,8.5000,10.4900,7.2300
Northern Trust Test Market,2020-08-20T12:46:33.698780,estk_f56bbcdde611f2b6e0b5b2fc83a00c65,evt_f56bbcdde611f2b6,Gary Woodland,PGA,74.87,75.62,3,0.03,8.1700,7.5600,10.0100,6.6100
Northern Trust Test Market,2020-08-20T12:46:33.698792,estk_f56bbcdde611f2b6385c664e153f199a,evt_f56bbcdde611f2b6,Rory McIlroy,PGA,74.87,74.62,2,0.03,7.5100,7.5700,9.5000,6.1600
Northern Trust Test Market,2020-08-20T12:46:33.698797,estk_f56bbcdde611f2b66e48ec89ea29f9f8,evt_f56bbcdde611f2b6,Justin Thomas,PGA,74.23,74.49,1,0.01,7.5000,7.2800,9.1600,5.8900
Northern Trust Test Market,2020-08-20T12:46:33.698812,estk_f56bbcdde611f2b6fe200133ec8a6c41,evt_f56bbcdde611f2b6,Tyrrell Hatton,PGA,71.22,72.51,2,0.01,6.5100,5.8000,7.6700,4.9000
Northern Trust Test Market,2020-08-20T12:46:33.698820,estk_f56bbcdde611f2b633ae0bbc78db2949,evt_f56bbcdde611f2b6,Dustin Johnson,PGA,70.22,72.41,5,0.04,6.3100,5.3500,7.9400,4.7800
Northern Trust Test Market,2020-08-20T12:46:33.698824,estk_f56bbcdde611f2b6c2291b803160b17e,evt_f56bbcdde611f2b6,Daniel Berger,PGA,71.55,71.4,2,0.03,5.9800,5.9600,7.7200,4.7400
Northern Trust Test Market,2020-08-20T12:46:33.698848,estk_f56bbcdde611f2b62203f644cb3905c3,evt_f56bbcdde611f2b6,Jason Day,PGA,68.71,68.96,3,0.04,4.9000,4.8000,6.6600,3.9100
Northern Trust Test Market,2020-08-20T12:46:33.698855,estk_f56bbcdde611f2b6a8b79a109f7cf8a2,evt_f56bbcdde611f2b6,Byeong Hun An,PGA,68.97,67.9,1,0.03,4.5400,4.9100,6.1600,3.6500
Northern Trust Test Market,2020-08-20T12:56:34.110589,estk_f56bbcdde611f2b6f659aa7b5b2176ee,evt_f56bbcdde611f2b6,Collin Morikawa,PGA,78.58,79.22,3,0.03,10.4400,9.5900,11.7100,8.3700
Northern Trust Test Market,2020-08-20T12:56:34.110619,estk_f56bbcdde611f2b6077d445dd9eef8da,evt_f56bbcdde611f2b6,Patrick Cantlay,PGA,77.93,78.81,4,0.04,10.0000,9.2200,11.2200,8.2700
Northern Trust Test Market,2020-08-20T12:56:34.110625,estk_f56bbcdde611f2b6503f60443b3bd112,evt_f56bbcdde611f2b6,Webb Simpson,PGA,76.61,76.31,2,0.03,8.4700,8.5000,10.4900,7.2300
Northern Trust Test Market,2020-08-20T12:56:34.110635,estk_f56bbcdde611f2b6e0b5b2fc83a00c65,evt_f56bbcdde611f2b6,Gary Woodland,PGA,74.87,75.88,4,0.04,8.2200,7.5600,10.0100,6.6100
Northern Trust Test Market,2020-08-20T12:56:34.110655,estk_f56bbcdde611f2b66e48ec89ea29f9f8,evt_f56bbcdde611f2b6,Justin Thomas,PGA,74.23,74,2,0.03,7.1600,7.2800,9.1600,5.8900
Northern Trust Test Market,2020-08-20T12:56:34.110659,estk_f56bbcdde611f2b6514f8f232f286c88,evt_f56bbcdde611f2b6,Tiger Woods,PGA,72.43,72.71,1,0.01,6.6300,6.3500,8.2300,5.0700
Northern Trust Test Market,2020-08-20T12:56:34.110668,estk_f56bbcdde611f2b6ecdd9ee6a8267442,evt_f56bbcdde611f2b6,Abraham Ancer,PGA,72.44,72.54,3,0.04,6.4800,6.3900,8.1000,5.2100
Northern Trust Test Market,2020-08-20T12:56:34.110707,estk_f56bbcdde611f2b6a8b79a109f7cf8a2,evt_f56bbcdde611f2b6,Byeong Hun An,PGA,68.97,68.21,2,0.04,4.6200,4.9100,6.1300,3.5900
Northern Trust Test Market,2020-08-20T12:56:34.110711,estk_f56bbcdde611f2b6dc1e23aa4cb30164,evt_f56bbcdde611f2b6,Marc Leishman,PGA,68.7,67.95,2,0.04,4.5800,4.8500,6.5400,3.4300
Northern Trust Test Market,2020-08-20T13:06:34.724282,estk_f56bbcdde611f2b6385c664e153f199a,evt_f56bbcdde611f2b6,Rory McIlroy,PGA,74.87,73.88,2,0.04,7.2400,7.5700,,6.1600
Northern Trust Test Market,2020-08-20T13:06:34.724291,estk_f56bbcdde611f2b6fe200133ec8a6c41,evt_f56bbcdde611f2b6,Tyrrell Hatton,PGA,71.22,73.08,4,0.03,6.7600,5.8000,8.1400,5.1200
Northern Trust Test Market,2020-08-20T13:06:34.724295,estk_f56bbcdde611f2b6db5881f101cec470,evt_f56bbcdde611f2b6,Justin Rose,PGA,72.15,72.43,1,0.01,6.5400,6.1600,8.0600,5.0300
Northern Trust Test Market,2020-08-20T13:06:34.724300,estk_f56bbcdde611f2b6514f8f232f286c88,evt_f56bbcdde611f2b6,Tiger Woods,PGA,72.43,72.26,2,0.03,6.4400,6.3500,8.2300,5.0700
Northern Trust Test Market,2020-08-20T13:06:34.724304,estk_f56bbcdde611f2b6ecdd9ee6a8267442,evt_f56bbcdde611f2b6,Abraham Ancer,PGA,72.44,72.09,4,0.06,6.2700,6.3900,8.1000,5.2100
Northern Trust Test Market,2020-08-20T13:06:34.724308,estk_f56bbcdde611f2b633ae0bbc78db2949,evt_f56bbcdde611f2b6,Dustin Johnson,PGA,70.22,72.01,6,0.06,6.2300,5.3500,7.9400,4.7800
Northern Trust Test Market,2020-08-20T13:06:34.724313,estk_f56bbcdde611f2b6c2291b803160b17e,evt_f56bbcdde611f2b6,Daniel Berger,PGA,71.55,71.69,3,0.04,6.2000,5.9600,7.7200,4.7400
Northern Trust Test Market,2020-08-20T13:06:34.724321,estk_f56bbcdde611f2b63116b24358a8f507,evt_f56bbcdde611f2b6,Louis Oosthuizen,PGA,69.85,71.15,2,0.01,5.9500,5.2400,,4.3300
Northern Trust Test Market,2020-08-20T13:06:34.724337,estk_f56bbcdde611f2b62203f644cb3905c3,evt_f56bbcdde611f2b6,Jason Day,PGA,68.71,68.59,4,0.06,4.8200,4.8000,6.6600,3.9100
Northern Trust Test Market,2020-08-20T13:06:34.724345,estk_f56bbcdde611f2b6dc1e23aa4cb30164,evt_f56bbcdde611f2b6,Marc Leishman,PGA,68.7,66.58,2,0.06,4.1000,4.8500,6.0800,3.4200
Northern Trust Test Market,2020-08-20T13:16:35.331257,estk_f56bbcdde611f2b6f659aa7b5b2176ee,evt_f56bbcdde611f2b6,Collin Morikawa,PGA,78.58,79.44,4,0.04,10.3600,9.5900,11.7100,8.7100
Northern Trust Test Market,2020-08-20T13:16:35.331289,estk_f56bbcdde611f2b6077d445dd9eef8da,evt_f56bbcdde611f2b6,Patrick Cantlay,PGA,77.93,79.25,6,0.06,10.2400,9.2200,11.7800,8.5900
Northern Trust Test Market,2020-08-20T13:16:35.331299,estk_f56bbcdde611f2b6503f60443b3bd112,evt_f56bbcdde611f2b6,Webb Simpson,PGA,76.61,75.55,2,0.04,8.1200,8.5000,9.7800,7.1300
Northern Trust Test Market,2020-08-20T13:16:35.331308,estk_f56bbcdde611f2b6e0b5b2fc83a00c65,evt_f56bbcdde611f2b6,Gary Woodland,PGA,74.87,75.38,5,0.06,7.9700,7.5600,10.0100,6.7000
Northern Trust Test Market,2020-08-20T13:16:35.331317,estk_f56bbcdde611f2b6fe200133ec8a6c41,evt_f56bbcdde611f2b6,Tyrrell Hatton,PGA,71.22,74.37,6,0.04,7.5600,5.8000,9.1800,5.9100
Northern Trust Test Market,2020-08-20T13:16:35.331321,estk_f56bbcdde611f2b66e48ec89ea29f9f8,evt_f56bbcdde611f2b6,Justin Thomas,PGA,74.23,74.26,3,0.04,7.5100,7.2800,9.1600,5.8900
Northern Trust Test Market,2020-08-20T13:16:35.331336,estk_f56bbcdde611f2b6385c664e153f199a,evt_f56bbcdde611f2b6,Rory McIlroy,PGA,74.87,72.38,2,0.06,6.4000,7.5700,8.0300,5.5000
Northern Trust Test Market,2020-08-20T13:16:35.331359,estk_f56bbcdde611f2b63116b24358a8f507,evt_f56bbcdde611f2b6,Louis Oosthuizen,PGA,69.85,70.75,3,0.03,5.6100,5.2400,7.5700,4.3600
Northern Trust Test Market,2020-08-20T13:16:35.331372,estk_f56bbcdde611f2b6a8b79a109f7cf8a2,evt_f56bbcdde611f2b6,Byeong Hun An,PGA,68.97,68.83,4,0.06,4.9300,4.9100,6.1300,3.5900
Northern Trust Test Market,2020-08-20T13:26:35.860260,estk_f56bbcdde611f2b6514f8f232f286c88,evt_f56bbcdde611f2b6,Tiger Woods,PGA,72.43,72.53,3,0.04,6.4900,6.3500,8.2300,5.0700
Northern Trust Test Market,2020-08-20T13:26:35.860269,estk_f56bbcdde611f2b633ae0bbc78db2949,evt_f56bbcdde611f2b6,Dustin Johnson,PGA,70.22,72.3,7,0.07,6.3800,5.3500,7.9400,4.7800
Northern Trust Test Market,2020-08-20T13:26:35.860278,estk_f56bbcdde611f2b6ecdd9ee6a8267442,evt_f56bbcdde611f2b6,Abraham Ancer,PGA,72.44,71.37,4,0.07,6.0500,6.3900,8.1000,5.1700
Northern Trust Test Market,2020-08-20T13:26:35.860292,estk_f56bbcdde611f2b6c2291b803160b17e,evt_f56bbcdde611f2b6,Daniel Berger,PGA,71.55,70.26,3,0.06,5.5100,5.9600,7.1200,4.6100
Northern Trust Test Market,2020-08-20T13:26:35.860305,estk_f56bbcdde611f2b62203f644cb3905c3,evt_f56bbcdde611f2b6,Jason Day,PGA,68.71,69.9,6,0.07,5.2800,4.8000,6.6600,3.8200
Northern Trust Test Market,2020-08-20T13:26:35.860314,estk_f56bbcdde611f2b6dc1e23aa4cb30164,evt_f56bbcdde611f2b6,Marc Leishman,PGA,68.7,65.89,2,0.07,3.9100,4.8500,5.6100,2.5200
Northern Trust Test Market,2020-08-20T13:36:36.403323,estk_f56bbcdde611f2b6077d445dd9eef8da,evt_f56bbcdde611f2b6,Patrick Cantlay,PGA,77.93,79.47,7,0.07,10.4600,9.2200,11.7800,8.7500
Northern Trust Test Market,2020-08-20T13:36:36.403351,estk_f56bbcdde611f2b6f659aa7b5b2176ee,evt_f56bbcdde611f2b6,Collin Morikawa,PGA,78.58,78.87,5,0.06,10.0300,9.5900,12.1500,8.7100
Northern Trust Test Market,2020-08-20T13:36:36.403366,estk_f56bbcdde611f2b6e0b5b2fc83a00c65,evt_f56bbcdde611f2b6,Gary Woodland,PGA,74.87,75.63,6,0.07,8.1200,7.5600,9.4900,6.7000
Northern Trust Test Market,2020-08-20T13:36:36.403374,estk_f56bbcdde611f2b6503f60443b3bd112,evt_f56bbcdde611f2b6,Webb Simpson,PGA,76.61,75.01,3,0.06,7.7300,8.5000,9.7800,7.0600
Northern Trust Test Market,2020-08-20T13:36:36.403387,estk_f56bbcdde611f2b66e48ec89ea29f9f8,evt_f56bbcdde611f2b6,Justin Thomas,PGA,74.23,73.78,4,0.06,7.1800,7.2800,9.1600,5.8900
Northern Trust Test Market,2020-08-20T13:36:36.403391,estk_f56bbcdde611f2b6db5881f101cec470,evt_f56bbcdde611f2b6,Justin Rose,PGA,72.15,72.99,3,0.03,6.8200,6.1600,8.0600,5.1800
Northern Trust Test Market,2020-08-20T13:36:36.403399,estk_f56bbcdde611f2b6385c664e153f199a,evt_f56bbcdde611f2b6,Rory McIlroy,PGA,74.87,72.63,3,0.07,6.5000,7.5700,8.0300,5.5000
Northern Trust Test Market,2020-08-20T13:36:36.403411,estk_f56bbcdde611f2b6ecdd9ee6a8267442,evt_f56bbcdde611f2b6,Abraham Ancer,PGA,72.44,71.64,5,0.08,6.0500,6.3900,7.5400,5.0300
Northern Trust Test Market,2020-08-20T13:36:36.403419,estk_f56bbcdde611f2b63116b24358a8f507,evt_f56bbcdde611f2b6,Louis Oosthuizen,PGA,69.85,71.06,4,0.04,5.8700,5.2400,7.5700,4.3600
Northern Trust Test Market,2020-08-20T13:36:36.403423,estk_f56bbcdde611f2b6c2291b803160b17e,evt_f56bbcdde611f2b6,Daniel Berger,PGA,71.55,70.54,4,0.07,5.6400,5.9600,7.1200,4.5800
Northern Trust Test Market,2020-08-20T13:36:36.403427,estk_f56bbcdde611f2b62203f644cb3905c3,evt_f56bbcdde611f2b6,Jason Day,PGA,68.71,70.21,7,0.08,5.4300,4.8000,6.6600,3.8200
Northern Trust Test Market,2020-08-20T13:36:36.403440,estk_f56bbcdde611f2b6a8b79a109f7cf8a2,evt_f56bbcdde611f2b6,Byeong Hun An,PGA,68.97,69.14,5,0.07,5.0200,4.9100,6.1300,3.5900
Northern Trust Test Market,2020-08-20T13:46:36.965058,estk_f56bbcdde611f2b6db5881f101cec470,evt_f56bbcdde611f2b6,Justin Rose,PGA,72.15,74.26,5,0.04,7.4800,6.1600,9.0400,5.7700
Northern Trust Test Market,2020-08-20T13:46:36.965071,estk_f56bbcdde611f2b633ae0bbc78db2949,evt_f56bbcdde611f2b6,Dustin Johnson,PGA,70.22,72.6,8,0.08,6.5500,5.3500,7.9400,4.9400
Northern Trust Test Market,2020-08-20T13:56:37.488390,estk_f56bbcdde611f2b6077d445dd9eef8da,evt_f56bbcdde611f2b6,Patrick Cantlay,PGA,77.93,79.7,8,0.08,10.6500,9.2200,12.3700,9.0400
Northern Trust Test Market,2020-08-20T13:56:37.488421,estk_f56bbcdde611f2b6f659aa7b5b2176ee,evt_f56bbcdde611f2b6,Collin Morikawa,PGA,78.58,79.08,6,0.07,10.2500,9.5900,11.6700,8.7100
Northern Trust Test Market,2020-08-20T13:56:37.488436,estk_f56bbcdde611f2b6e0b5b2fc83a00c65,evt_f56bbcdde611f2b6,Gary Woodland,PGA,74.87,75.88,7,0.08,8.1800,7.5600,9.9200,6.7000
Northern Trust Test Market,2020-08-20T13:56:37.488440,estk_f56bbcdde611f2b6503f60443b3bd112,evt_f56bbcdde611f2b6,Webb Simpson,PGA,76.61,75.25,4,0.07,7.8700,8.5000,9.7800,6.5200
Northern Trust Test Market,2020-08-20T13:56:37.488457,estk_f56bbcdde611f2b6fe200133ec8a6c41,evt_f56bbcdde611f2b6,Tyrrell Hatton,PGA,71.22,73.95,7,0.06,7.2200,5.8000,9.1800,5.9200
Northern Trust Test Market,2020-08-20T13:56:37.488460,estk_f56bbcdde611f2b6385c664e153f199a,evt_f56bbcdde611f2b6,Rory McIlroy,PGA,74.87,73.88,5,0.08,7.1400,7.5700,8.6600,5.5900
Northern Trust Test Market,2020-08-20T13:56:37.488464,estk_f56bbcdde611f2b66e48ec89ea29f9f8,evt_f56bbcdde611f2b6,Justin Thomas,PGA,74.23,73.03,4,0.07,6.7200,7.2800,8.3100,5.7600
Northern Trust Test Market,2020-08-20T13:56:37.488469,estk_f56bbcdde611f2b633ae0bbc78db2949,evt_f56bbcdde611f2b6,Dustin Johnson,PGA,70.22,72.2,9,0.1,6.2200,5.3500,7.9400,4.9400
Northern Trust Test Market,2020-08-20T13:56:37.488481,estk_f56bbcdde611f2b6ecdd9ee6a8267442,evt_f56bbcdde611f2b6,Abraham Ancer,PGA,72.44,71.2,6,0.1,5.8300,6.3900,7.5400,4.7300
Northern Trust Test Market,2020-08-20T13:56:37.488489,estk_f56bbcdde611f2b6514f8f232f286c88,evt_f56bbcdde611f2b6,Tiger Woods,PGA,72.43,71.08,3,0.06,5.7700,6.3500,7.4900,4.8400
Northern Trust Test Market,2020-08-20T13:56:37.488493,estk_f56bbcdde611f2b6c2291b803160b17e,evt_f56bbcdde611f2b6,Daniel Berger,PGA,71.55,70.83,5,0.08,5.6800,5.9600,7.1200,4.5400
Northern Trust Test Market,2020-08-20T13:56:37.488509,estk_f56bbcdde611f2b6a8b79a109f7cf8a2,evt_f56bbcdde611f2b6,Byeong Hun An,PGA,68.97,69.45,6,0.08,5.0500,4.9100,6.4900,3.5900
Northern Trust Test Market,2020-08-20T13:56:37.488513,estk_f56bbcdde611f2b6dc1e23aa4cb30164,evt_f56bbcdde611f2b6,Marc Leishman,PGA,68.7,66.2,3,0.08,3.8400,4.8500,5.4900,2.5200
Northern Trust Test Market,2020-08-20T14:06:38.006055,estk_f56bbcdde611f2b6db5881f101cec470,evt_f56bbcdde611f2b6,Justin Rose,PGA,72.15,74.82,7,0.06,7.7900,6.1600,9.0400,5.8300
Northern Trust Test Market,2020-08-20T14:06:38.006084,estk_f56bbcdde611f2b6514f8f232f286c88,evt_f56bbcdde611f2b6,Tiger Woods,PGA,72.43,71.36,4,0.07,5.9400,6.3500,7.4900,4.8400
Northern Trust Test Market,2020-08-20T14:06:38.006099,estk_f56bbcdde611f2b63116b24358a8f507,evt_f56bbcdde611f2b6,Louis Oosthuizen,PGA,69.85,70.66,5,0.06,5.6500,5.2400,7.5700,4.3800
Northern Trust Test Market,2020-08-20T14:06:38.006115,estk_f56bbcdde611f2b62203f644cb3905c3,evt_f56bbcdde611f2b6,Jason Day,PGA,68.71,69.84,8,0.1,5.1600,4.8000,6.6600,3.8200
Northern Trust Test Market,2020-08-20T14:06:38.006123,estk_f56bbcdde611f2b6dc1e23aa4cb30164,evt_f56bbcdde611f2b6,Marc Leishman,PGA,68.7,64.83,3,0.1,3.3800,4.8500,4.9100,2.5200
Northern Trust Test Market,2020-08-20T14:16:38.604096,estk_f56bbcdde611f2b6f659aa7b5b2176ee,evt_f56bbcdde611f2b6,Collin Morikawa,PGA,78.58,79.29,7,0.08,10.5400,9.5900,11.6700,8.7500
Northern Trust Test Market,2020-08-20T14:16:38.604125,estk_f56bbcdde611f2b6077d445dd9eef8da,evt_f56bbcdde611f2b6,Patrick Cantlay,PGA,77.93,79.14,9,0.1,10.3500,9.2200,12.3700,9.0400
Northern Trust Test Market,2020-08-20T14:16:38.604140,estk_f56bbcdde611f2b6503f60443b3bd112,evt_f56bbcdde611f2b6,Webb Simpson,PGA,76.61,75.48,5,0.08,8.0800,8.5000,9.7800,6.5200
Northern Trust Test Market,2020-08-20T14:16:38.604145,estk_f56bbcdde611f2b6e0b5b2fc83a00c65,evt_f56bbcdde611f2b6,Gary Woodland,PGA,74.87,75.38,8,0.1,7.9700,7.5600,9.9200,6.7000
Northern Trust Test Market,2020-08-20T14:16:38.604160,estk_f56bbcdde611f2b6385c664e153f199a,evt_f56bbcdde611f2b6,Rory McIlroy,PGA,74.87,74.38,7,0.1,7.4100,7.5700,8.6600,5.8200
Northern Trust Test Market,2020-08-20T14:16:38.604165,estk_f56bbcdde611f2b6fe200133ec8a6c41,evt_f56bbcdde611f2b6,Tyrrell Hatton,PGA,71.22,74.23,8,0.07,7.3900,5.8000,9.1800,5.9200
Northern Trust Test Market,2020-08-20T14:16:38.604168,estk_f56bbcdde611f2b633ae0bbc78db2949,evt_f56bbcdde611f2b6,Dustin Johnson,PGA,70.22,73.5,11,0.11,6.9500,5.3500,8.5500,5.3000
Northern Trust Test Market,2020-08-20T14:16:38.604173,estk_f56bbcdde611f2b66e48ec89ea29f9f8,evt_f56bbcdde611f2b6,Justin Thomas,PGA,74.23,72.29,4,0.08,6.3800,7.2800,7.9300,5.3800
Northern Trust Test Market,2020-08-20T14:16:38.604177,estk_f56bbcdde611f2b6ecdd9ee6a8267442,evt_f56bbcdde611f2b6,Abraham Ancer,PGA,72.44,72.47,8,0.11,6.3000,6.3900,8.0900,4.7600
Northern Trust Test Market,2020-08-20T14:16:38.604193,estk_f56bbcdde611f2b63116b24358a8f507,evt_f56bbcdde611f2b6,Louis Oosthuizen,PGA,69.85,70.96,6,0.07,5.7200,5.2400,7.5700,4.3800
Northern Trust Test Market,2020-08-20T14:16:38.604197,estk_f56bbcdde611f2b6c2291b803160b17e,evt_f56bbcdde611f2b6,Daniel Berger,PGA,71.55,70.39,6,0.1,5.4600,5.9600,7.1200,4.3900
Northern Trust Test Market,2020-08-20T14:16:38.604201,estk_f56bbcdde611f2b62203f644cb3905c3,evt_f56bbcdde611f2b6,Jason Day,PGA,68.71,70.15,9,0.11,5.3600,4.8000,6.6600,3.8200
Northern Trust Test Market,2020-08-20T14:16:38.604214,estk_f56bbcdde611f2b6a8b79a109f7cf8a2,evt_f56bbcdde611f2b6,Byeong Hun An,PGA,68.97,68.07,6,0.1,4.4700,4.9100,5.9900,3.5300
Northern Trust Test Market,2020-08-20T14:16:38.604218,estk_f56bbcdde611f2b6dc1e23aa4cb30164,evt_f56bbcdde611f2b6,Marc Leishman,PGA,68.7,64.14,3,0.11,3.0900,4.8500,4.9100,2.2800
Northern Trust Test Market,2020-08-20T14:26:39.155501,estk_f56bbcdde611f2b6f659aa7b5b2176ee,evt_f56bbcdde611f2b6,Collin Morikawa,PGA,78.58,78.72,8,0.1,10.1300,9.5900,11.9600,8.7500
Northern Trust Test Market,2020-08-20T14:26:39.155531,estk_f56bbcdde611f2b6077d445dd9eef8da,evt_f56bbcdde611f2b6,Patrick Cantlay,PGA,77.93,78.36,9,0.11,9.8800,9.2200,11.5300,8.7500
Northern Trust Test Market,2020-08-20T14:26:39.155546,estk_f56bbcdde611f2b6e0b5b2fc83a00c65,evt_f56bbcdde611f2b6,Gary Woodland,PGA,74.87,75.63,9,0.11,8.0900,7.5600,9.9200,6.7000
Northern Trust Test Market,2020-08-20T14:26:39.155554,estk_f56bbcdde611f2b6db5881f101cec470,evt_f56bbcdde611f2b6,Justin Rose,PGA,72.15,75.1,8,0.07,7.9500,6.1600,9.5300,6.2900
Northern Trust Test Market,2020-08-20T14:26:39.155558,estk_f56bbcdde611f2b6503f60443b3bd112,evt_f56bbcdde611f2b6,Webb Simpson,PGA,76.61,74.95,6,0.1,7.8000,8.5000,9.7800,6.5200
Northern Trust Test Market,2020-08-20T14:26:39.155563,estk_f56bbcdde611f2b6385c664e153f199a,evt_f56bbcdde611f2b6,Rory McIlroy,PGA,74.87,74.63,8,0.11,7.5400,7.5700,9.1100,5.9900
Northern Trust Test Market,2020-08-20T14:26:39.155568,estk_f56bbcdde611f2b6fe200133ec8a6c41,evt_f56bbcdde611f2b6,Tyrrell Hatton,PGA,71.22,74.52,9,0.08,7.5300,5.8000,9.1800,5.9800
Northern Trust Test Market,2020-08-20T14:26:39.155580,estk_f56bbcdde611f2b66e48ec89ea29f9f8,evt_f56bbcdde611f2b6,Justin Thomas,PGA,74.23,72.81,6,0.1,6.5400,7.2800,7.9300,5.3800
Northern Trust Test Market,2020-08-20T14:26:39.155592,estk_f56bbcdde611f2b6514f8f232f286c88,evt_f56bbcdde611f2b6,Tiger Woods,PGA,72.43,71.64,5,0.08,6.0900,6.3500,7.4900,4.8400
Northern Trust Test Market,2020-08-20T14:26:39.155603,estk_f56bbcdde611f2b6c2291b803160b17e,evt_f56bbcdde611f2b6,Daniel Berger,PGA,71.55,70.68,7,0.11,5.5900,5.9600,7.1200,4.3900
Northern Trust Test Market,2020-08-20T14:26:39.155619,estk_f56bbcdde611f2b6a8b79a109f7cf8a2,evt_f56bbcdde611f2b6,Byeong Hun An,PGA,68.97,67.38,6,0.11,4.1400,4.9100,5.9900,3.2500
Northern Trust Test Market,2020-08-20T14:36:39.867765,estk_f56bbcdde611f2b633ae0bbc78db2949,evt_f56bbcdde611f2b6,Dustin Johnson,PGA,70.22,75.09,14,0.13,7.8800,5.3500,9.2700,6.0200
Northern Trust Test Market,2020-08-20T14:36:39.867795,estk_f56bbcdde611f2b63116b24358a8f507,evt_f56bbcdde611f2b6,Louis Oosthuizen,PGA,69.85,72.26,8,0.08,6.4300,5.2400,7.5700,4.8000
Northern Trust Test Market,2020-08-20T14:36:39.867803,estk_f56bbcdde611f2b6ecdd9ee6a8267442,evt_f56bbcdde611f2b6,Abraham Ancer,PGA,72.44,72.02,9,0.13,6.0400,6.3900,8.0900,4.7900
Northern Trust Test Market,2020-08-20T14:36:39.867810,estk_f56bbcdde611f2b6514f8f232f286c88,evt_f56bbcdde611f2b6,Tiger Woods,PGA,72.43,71.19,6,0.1,5.6900,6.3500,7.4900,4.8400
Northern Trust Test Market,2020-08-20T14:36:39.867826,estk_f56bbcdde611f2b62203f644cb3905c3,evt_f56bbcdde611f2b6,Jason Day,PGA,68.71,69.78,10,0.13,5.0100,4.8000,6.6600,3.8200
Northern Trust Test Market,2020-08-20T14:36:39.867834,estk_f56bbcdde611f2b6dc1e23aa4cb30164,evt_f56bbcdde611f2b6,Marc Leishman,PGA,68.7,63.77,4,0.13,3.0100,4.8500,4.9100,2.1500
Northern Trust Test Market,2020-08-20T14:46:40.437440,estk_f56bbcdde611f2b6f659aa7b5b2176ee,evt_f56bbcdde611f2b6,Collin Morikawa,PGA,78.58,78.94,9,0.11,10.2600,9.5900,11.9600,8.7500
Northern Trust Test Market,2020-08-20T14:46:40.437468,estk_f56bbcdde611f2b6077d445dd9eef8da,evt_f56bbcdde611f2b6,Patrick Cantlay,PGA,77.93,77.8,10,0.13,9.5200,9.2200,11.5300,8.3500
Northern Trust Test Market,2020-08-20T14:46:40.437482,estk_f56bbcdde611f2b6db5881f101cec470,evt_f56bbcdde611f2b6,Justin Rose,PGA,72.15,75.38,9,0.08,8.0500,6.1600,9.5300,6.4100
Northern Trust Test Market,2020-08-20T14:46:40.437490,estk_f56bbcdde611f2b6503f60443b3bd112,evt_f56bbcdde611f2b6,Webb Simpson,PGA,76.61,75.18,7,0.11,7.8600,8.5000,9.7800,6.5200
Northern Trust Test Market,2020-08-20T14:46:40.437500,estk_f56bbcdde611f2b6e0b5b2fc83a00c65,evt_f56bbcdde611f2b6,Gary Woodland,PGA,74.87,75.14,10,0.13,7.7100,7.5600,9.4700,6.7000
Northern Trust Test Market,2020-08-20T14:46:40.437512,estk_f56bbcdde611f2b6fe200133ec8a6c41,evt_f56bbcdde611f2b6,Tyrrell Hatton,PGA,71.22,74.1,10,0.1,7.2500,5.8000,9.1800,5.9800
Northern Trust Test Market,2020-08-20T14:46:40.437516,estk_f56bbcdde611f2b66e48ec89ea29f9f8,evt_f56bbcdde611f2b6,Justin Thomas,PGA,74.23,73.06,7,0.11,6.6800,7.2800,7.9300,5.3800
Northern Trust Test Market,2020-08-20T14:46:40.437520,estk_f56bbcdde611f2b63116b24358a8f507,evt_f56bbcdde611f2b6,Louis Oosthuizen,PGA,69.85,71.86,9,0.1,6.1000,5.2400,7.5700,4.8000
Northern Trust Test Market,2020-08-20T14:46:40.437535,estk_f56bbcdde611f2b6c2291b803160b17e,evt_f56bbcdde611f2b6,Daniel Berger,PGA,71.55,71.25,9,0.13,5.7400,5.9600,7.1200,4.3900
Northern Trust Test Market,2020-08-20T14:46:40.437551,estk_f56bbcdde611f2b62203f644cb3905c3,evt_f56bbcdde611f2b6,Jason Day,PGA,68.71,70.09,11,0.14,5.1700,4.8000,6.6600,3.8200
Northern Trust Test Market,2020-08-20T14:46:40.437555,estk_f56bbcdde611f2b6a8b79a109f7cf8a2,evt_f56bbcdde611f2b6,Byeong Hun An,PGA,68.97,68,8,0.13,4.3300,4.9100,5.9900,3.2000
Northern Trust Test Market,2020-08-20T14:56:40.834652,estk_f56bbcdde611f2b6e0b5b2fc83a00c65,evt_f56bbcdde611f2b6,Gary Woodland,PGA,74.87,76.39,12,0.14,8.4100,7.5600,10.0200,6.8500
Northern Trust Test Market,2020-08-20T14:56:40.834678,estk_f56bbcdde611f2b633ae0bbc78db2949,evt_f56bbcdde611f2b6,Dustin Johnson,PGA,70.22,75.39,15,0.14,7.6500,5.3500,9.2700,6.2100
Northern Trust Test Market,2020-08-20T14:56:40.834683,estk_f56bbcdde611f2b6385c664e153f199a,evt_f56bbcdde611f2b6,Rory McIlroy,PGA,74.87,75.14,10,0.13,7.5900,7.5700,9.1100,6.0800
Northern Trust Test Market,2020-08-20T14:56:40.834687,estk_f56bbcdde611f2b66e48ec89ea29f9f8,evt_f56bbcdde611f2b6,Justin Thomas,PGA,74.23,74.58,10,0.13,7.4200,7.2800,9.0000,5.7200
Northern Trust Test Market,2020-08-20T14:56:40.834699,estk_f56bbcdde611f2b6ecdd9ee6a8267442,evt_f56bbcdde611f2b6,Abraham Ancer,PGA,72.44,72.3,10,0.14,6.1400,6.3900,7.5900,4.7900
Northern Trust Test Market,2020-08-20T14:56:40.834710,estk_f56bbcdde611f2b6514f8f232f286c88,evt_f56bbcdde611f2b6,Tiger Woods,PGA,72.43,71.46,7,0.11,5.8200,6.3500,7.4900,4.8100
Northern Trust Test Market,2020-08-20T14:56:40.834718,estk_f56bbcdde611f2b62203f644cb3905c3,evt_f56bbcdde611f2b6,Jason Day,PGA,68.71,71.4,13,0.15,5.6300,4.8000,7.2300,4.0100
Northern Trust Test Market,2020-08-20T14:56:40.834738,estk_f56bbcdde611f2b6dc1e23aa4cb30164,evt_f56bbcdde611f2b6,Marc Leishman,PGA,68.7,64.08,5,0.14,3.0400,4.8500,4.5200,1.7400
Northern Trust Test Market,2020-08-20T15:06:41.364526,estk_f56bbcdde611f2b6077d445dd9eef8da,evt_f56bbcdde611f2b6,Patrick Cantlay,PGA,77.93,78.02,11,0.14,9.5300,9.2200,10.9100,8.2600
Northern Trust Test Market,2020-08-20T15:06:41.364555,estk_f56bbcdde611f2b6f659aa7b5b2176ee,evt_f56bbcdde611f2b6,Collin Morikawa,PGA,78.58,77.36,9,0.13,9.0500,9.5900,10.7100,8.0500
Northern Trust Test Market,2020-08-20T15:06:41.364578,estk_f56bbcdde611f2b6385c664e153f199a,evt_f56bbcdde611f2b6,Rory McIlroy,PGA,74.87,75.39,11,0.14,7.8800,7.5700,9.1100,6.2100
Northern Trust Test Market,2020-08-20T15:06:41.364586,estk_f56bbcdde611f2b6503f60443b3bd112,evt_f56bbcdde611f2b6,Webb Simpson,PGA,76.61,74.65,8,0.13,7.5200,8.5000,9.1000,6.5000
Northern Trust Test Market,2020-08-20T15:06:41.364599,estk_f56bbcdde611f2b6fe200133ec8a6c41,evt_f56bbcdde611f2b6,Tyrrell Hatton,PGA,71.22,74.39,11,0.11,7.3400,5.8000,9.1800,5.9800
Northern Trust Test Market,2020-08-20T15:06:41.364603,estk_f56bbcdde611f2b6db5881f101cec470,evt_f56bbcdde611f2b6,Justin Rose,PGA,72.15,73.94,9,0.1,7.0500,6.1600,8.7300,6.1000
Northern Trust Test Market,2020-08-20T15:06:41.364607,estk_f56bbcdde611f2b6c2291b803160b17e,evt_f56bbcdde611f2b6,Daniel Berger,PGA,71.55,72.53,11,0.14,6.2800,5.9600,7.8600,4.6500
Northern Trust Test Market,2020-08-20T15:06:41.364615,estk_f56bbcdde611f2b63116b24358a8f507,evt_f56bbcdde611f2b6,Louis Oosthuizen,PGA,69.85,72.17,10,0.11,6.1100,5.2400,7.5700,4.8000
Northern Trust Test Market,2020-08-20T15:06:41.364679,estk_f56bbcdde611f2b6a8b79a109f7cf8a2,evt_f56bbcdde611f2b6,Byeong Hun An,PGA,68.97,68.31,9,0.14,4.3500,4.9100,5.9900,3.2000
Northern Trust Test Market,2020-08-20T15:16:41.926493,estk_f56bbcdde611f2b6f659aa7b5b2176ee,evt_f56bbcdde611f2b6,Collin Morikawa,PGA,78.58,78.58,11,0.14,9.8300,9.5900,11.5400,8.1300
Northern Trust Test Market,2020-08-20T15:16:41.926523,estk_f56bbcdde611f2b6077d445dd9eef8da,evt_f56bbcdde611f2b6,Patrick Cantlay,PGA,77.93,78.24,12,0.15,9.6200,9.2200,10.9100,8.2600
Northern Trust Test Market,2020-08-20T15:16:41.926529,estk_f56bbcdde611f2b6e0b5b2fc83a00c65,evt_f56bbcdde611f2b6,Gary Woodland,PGA,74.87,76.64,13,0.15,8.7000,7.5600,10.0200,6.9100
Northern Trust Test Market,2020-08-20T15:16:41.926543,estk_f56bbcdde611f2b6503f60443b3bd112,evt_f56bbcdde611f2b6,Webb Simpson,PGA,76.61,75.88,10,0.14,8.0100,8.5000,9.7300,6.5000
Northern Trust Test Market,2020-08-20T15:16:41.926548,estk_f56bbcdde611f2b633ae0bbc78db2949,evt_f56bbcdde611f2b6,Dustin Johnson,PGA,70.22,75.69,16,0.15,8.0000,5.3500,9.2700,6.2900
Northern Trust Test Market,2020-08-20T15:16:41.926561,estk_f56bbcdde611f2b66e48ec89ea29f9f8,evt_f56bbcdde611f2b6,Justin Thomas,PGA,74.23,74.84,11,0.14,7.4500,7.2800,9.0000,5.7900
Northern Trust Test Market,2020-08-20T15:16:41.926573,estk_f56bbcdde611f2b6fe200133ec8a6c41,evt_f56bbcdde611f2b6,Tyrrell Hatton,PGA,71.22,73.96,12,0.13,6.9500,5.8000,8.5600,5.9800
Northern Trust Test Market,2020-08-20T15:16:41.926577,estk_f56bbcdde611f2b6ecdd9ee6a8267442,evt_f56bbcdde611f2b6,Abraham Ancer,PGA,72.44,72.57,11,0.15,6.3000,6.3900,7.5900,4.7900
Northern Trust Test Market,2020-08-20T15:16:41.926593,estk_f56bbcdde611f2b6514f8f232f286c88,evt_f56bbcdde611f2b6,Tiger Woods,PGA,72.43,72.01,9,0.13,5.9600,6.3500,7.4900,4.8100
Northern Trust Test Market,2020-08-20T15:16:41.926609,estk_f56bbcdde611f2b62203f644cb3905c3,evt_f56bbcdde611f2b6,Jason Day,PGA,68.71,70.03,13,0.17,4.9200,4.8000,6.5500,4.0400
Northern Trust Test Market,2020-08-20T15:16:41.926613,estk_f56bbcdde611f2b6a8b79a109f7cf8a2,evt_f56bbcdde611f2b6,Byeong Hun An,PGA,68.97,67.62,9,0.15,4.0100,4.9100,5.9900,3.1500
Northern Trust Test Market,2020-08-20T15:16:41.926619,estk_f56bbcdde611f2b6dc1e23aa4cb30164,evt_f56bbcdde611f2b6,Marc Leishman,PGA,68.7,64.4,6,0.15,2.9900,4.8500,4.5200,1.7400
Northern Trust Test Market,2020-08-20T15:26:42.477722,estk_f56bbcdde611f2b6385c664e153f199a,evt_f56bbcdde611f2b6,Rory McIlroy,PGA,74.87,76.64,13,0.15,8.5000,7.5700,10.1700,6.8300
Northern Trust Test Market,2020-08-20T15:26:42.477749,estk_f56bbcdde611f2b633ae0bbc78db2949,evt_f56bbcdde611f2b6,Dustin Johnson,PGA,70.22,75.28,17,0.17,7.5500,5.3500,9.2700,6.2900
Northern Trust Test Market,2020-08-20T15:26:42.477761,estk_f56bbcdde611f2b6db5881f101cec470,evt_f56bbcdde611f2b6,Justin Rose,PGA,72.15,74.21,10,0.11,7.1400,6.1600,8.7300,5.9800
Northern Trust Test Market,2020-08-20T15:26:42.477769,estk_f56bbcdde611f2b6c2291b803160b17e,evt_f56bbcdde611f2b6,Daniel Berger,PGA,71.55,73.82,13,0.15,6.9100,5.9600,8.5000,5.2800
Northern Trust Test Market,2020-08-20T15:26:42.477773,estk_f56bbcdde611f2b63116b24358a8f507,evt_f56bbcdde611f2b6,Louis Oosthuizen,PGA,69.85,72.77,12,0.13,6.3100,5.2400,7.5700,4.8000
Northern Trust Test Market,2020-08-20T15:26:42.477788,estk_f56bbcdde611f2b6ecdd9ee6a8267442,evt_f56bbcdde611f2b6,Abraham Ancer,PGA,72.44,71.13,11,0.17,5.3800,6.3900,6.9900,4.4900
Northern Trust Test Market,2020-08-20T15:26:42.477808,estk_f56bbcdde611f2b6dc1e23aa4cb30164,evt_f56bbcdde611f2b6,Marc Leishman,PGA,68.7,63.02,6,0.17,2.6100,4.8500,4.1500,1.7400
Northern Trust Test Market,2020-08-20T15:36:43.034138,estk_f56bbcdde611f2b6f659aa7b5b2176ee,evt_f56bbcdde611f2b6,Collin Morikawa,PGA,78.58,77.79,11,0.15,9.3200,9.5900,10.9200,8.2100
Northern Trust Test Market,2020-08-20T15:36:43.034168,estk_f56bbcdde611f2b6077d445dd9eef8da,evt_f56bbcdde611f2b6,Patrick Cantlay,PGA,77.93,77.68,13,0.17,9.2300,9.2200,10.9100,8.1300
Northern Trust Test Market,2020-08-20T15:36:43.034174,estk_f56bbcdde611f2b6503f60443b3bd112,evt_f56bbcdde611f2b6,Webb Simpson,PGA,76.61,77.12,12,0.15,8.9600,8.5000,10.5000,7.1900
Northern Trust Test Market,2020-08-20T15:36:43.034188,estk_f56bbcdde611f2b66e48ec89ea29f9f8,evt_f56bbcdde611f2b6,Justin Thomas,PGA,74.23,76.1,13,0.15,8.1700,7.2800,9.8200,6.6400
Northern Trust Test Market,2020-08-20T15:36:43.034192,estk_f56bbcdde611f2b6e0b5b2fc83a00c65,evt_f56bbcdde611f2b6,Gary Woodland,PGA,74.87,76.14,14,0.17,8.1500,7.5600,10.0200,6.9300
Northern Trust Test Market,2020-08-20T15:36:43.034205,estk_f56bbcdde611f2b6385c664e153f199a,evt_f56bbcdde611f2b6,Rory McIlroy,PGA,74.87,75.14,13,0.17,7.5400,7.5700,9.1900,6.2100
Northern Trust Test Market,2020-08-20T15:36:43.034212,estk_f56bbcdde611f2b6fe200133ec8a6c41,evt_f56bbcdde611f2b6,Tyrrell Hatton,PGA,71.22,74.25,13,0.14,7.1700,5.8000,8.5600,5.9800
Northern Trust Test Market,2020-08-20T15:36:43.034220,estk_f56bbcdde611f2b6c2291b803160b17e,evt_f56bbcdde611f2b6,Daniel Berger,PGA,71.55,74.39,15,0.17,7.0700,5.9600,8.5000,5.6100
Northern Trust Test Market,2020-08-20T15:36:43.034224,estk_f56bbcdde611f2b63116b24358a8f507,evt_f56bbcdde611f2b6,Louis Oosthuizen,PGA,69.85,73.07,13,0.14,6.5300,5.2400,8.1300,4.9700
Northern Trust Test Market,2020-08-20T15:36:43.034228,estk_f56bbcdde611f2b6514f8f232f286c88,evt_f56bbcdde611f2b6,Tiger Woods,PGA,72.43,72.29,10,0.14,6.0400,6.3500,7.4900,4.8100
Northern Trust Test Market,2020-08-20T15:36:43.034252,estk_f56bbcdde611f2b62203f644cb3905c3,evt_f56bbcdde611f2b6,Jason Day,PGA,68.71,70.34,14,0.18,5.0100,4.8000,6.5500,3.8200
Northern Trust Test Market,2020-08-20T15:36:43.034256,estk_f56bbcdde611f2b6a8b79a109f7cf8a2,evt_f56bbcdde611f2b6,Byeong Hun An,PGA,68.97,66.25,9,0.17,3.5100,4.9100,5.0100,2.5600
Northern Trust Test Market,2020-08-20T15:36:43.034260,estk_f56bbcdde611f2b6dc1e23aa4cb30164,evt_f56bbcdde611f2b6,Marc Leishman,PGA,68.7,64.33,8,0.18,2.8900,4.8500,4.1500,1.7400
Northern Trust Test Market,2020-08-20T15:46:43.686181,estk_f56bbcdde611f2b6077d445dd9eef8da,evt_f56bbcdde611f2b6,Patrick Cantlay,PGA,77.93,77.9,14,0.18,9.4400,9.2200,10.9100,8.1300
Northern Trust Test Market,2020-08-20T15:46:43.686212,estk_f56bbcdde611f2b6f659aa7b5b2176ee,evt_f56bbcdde611f2b6,Collin Morikawa,PGA,78.58,77.22,12,0.17,8.9300,9.5900,10.9200,7.6400
Northern Trust Test Market,2020-08-20T15:46:43.686218,estk_f56bbcdde611f2b6503f60443b3bd112,evt_f56bbcdde611f2b6,Webb Simpson,PGA,76.61,76.59,13,0.17,8.5200,8.5000,10.5000,7.1900
Northern Trust Test Market,2020-08-20T15:46:43.686223,estk_f56bbcdde611f2b6e0b5b2fc83a00c65,evt_f56bbcdde611f2b6,Gary Woodland,PGA,74.87,76.39,15,0.18,8.3900,7.5600,10.0200,6.9300
Northern Trust Test Market,2020-08-20T15:46:43.686236,estk_f56bbcdde611f2b66e48ec89ea29f9f8,evt_f56bbcdde611f2b6,Justin Thomas,PGA,74.23,75.61,14,0.17,7.9600,7.2800,9.6600,6.6400
Northern Trust Test Market,2020-08-20T15:46:43.686240,estk_f56bbcdde611f2b633ae0bbc78db2949,evt_f56bbcdde611f2b6,Dustin Johnson,PGA,70.22,75.58,18,0.18,7.8300,5.3500,9.2700,6.2900
Northern Trust Test Market,2020-08-20T15:46:43.686261,estk_f56bbcdde611f2b6db5881f101cec470,evt_f56bbcdde611f2b6,Justin Rose,PGA,72.15,73.77,11,0.13,6.9400,6.1600,8.7300,5.9800
Northern Trust Test Market,2020-08-20T15:46:43.686264,estk_f56bbcdde611f2b6fe200133ec8a6c41,evt_f56bbcdde611f2b6,Tyrrell Hatton,PGA,71.22,73.54,13,0.15,6.8300,5.8000,8.5600,5.7900
Northern Trust Test Market,2020-08-20T15:46:43.686272,estk_f56bbcdde611f2b6ecdd9ee6a8267442,evt_f56bbcdde611f2b6,Abraham Ancer,PGA,72.44,72.4,13,0.18,6.1100,6.3900,7.6300,4.4900
Northern Trust Test Market,2020-08-20T15:46:43.686293,estk_f56bbcdde611f2b62203f644cb3905c3,evt_f56bbcdde611f2b6,Jason Day,PGA,68.71,70.66,15,0.19,5.2000,4.8000,6.5500,3.8200
Northern Trust Test Market,2020-08-20T15:46:43.686300,estk_f56bbcdde611f2b6a8b79a109f7cf8a2,evt_f56bbcdde611f2b6,Byeong Hun An,PGA,68.97,65.56,9,0.18,3.3300,4.9100,5.0100,2.3700
Northern Trust Test Market,2020-08-20T15:56:44.225530,estk_f56bbcdde611f2b6e0b5b2fc83a00c65,evt_f56bbcdde611f2b6,Gary Woodland,PGA,74.87,76.64,16,0.19,8.4700,7.5600,10.0200,6.9300
Northern Trust Test Market,2020-08-20T15:56:44.225551,estk_f56bbcdde611f2b6385c664e153f199a,evt_f56bbcdde611f2b6,Rory McIlroy,PGA,74.87,75.39,14,0.18,7.6500,7.5700,9.1900,6.2100
Northern Trust Test Market,2020-08-20T15:56:44.225559,estk_f56bbcdde611f2b6c2291b803160b17e,evt_f56bbcdde611f2b6,Daniel Berger,PGA,71.55,74.67,16,0.18,7.3700,5.9600,8.5600,5.6100
Northern Trust Test Market,2020-08-20T15:56:44.225564,estk_f56bbcdde611f2b633ae0bbc78db2949,evt_f56bbcdde611f2b6,Dustin Johnson,PGA,70.22,74.88,18,0.19,7.3600,5.3500,9.2700,6.2900
Northern Trust Test Market,2020-08-20T15:56:44.225568,estk_f56bbcdde611f2b6db5881f101cec470,evt_f56bbcdde611f2b6,Justin Rose,PGA,72.15,74.05,12,0.14,7.0900,6.1600,8.7300,5.9800
Northern Trust Test Market,2020-08-20T15:56:44.225572,estk_f56bbcdde611f2b6fe200133ec8a6c41,evt_f56bbcdde611f2b6,Tyrrell Hatton,PGA,71.22,73.11,14,0.17,6.5300,5.8000,7.9800,5.4700
Northern Trust Test Market,2020-08-20T15:56:44.225580,estk_f56bbcdde611f2b6514f8f232f286c88,evt_f56bbcdde611f2b6,Tiger Woods,PGA,72.43,72.57,11,0.15,6.1900,6.3500,7.4900,4.8100
Northern Trust Test Market,2020-08-20T15:56:44.225588,estk_f56bbcdde611f2b6ecdd9ee6a8267442,evt_f56bbcdde611f2b6,Abraham Ancer,PGA,72.44,71.68,13,0.19,5.8000,6.3900,7.1900,4.4900
Northern Trust Test Market,2020-08-20T15:56:44.225611,estk_f56bbcdde611f2b6dc1e23aa4cb30164,evt_f56bbcdde611f2b6,Marc Leishman,PGA,68.7,65.65,10,0.19,3.2500,4.8500,4.5200,1.7400
Northern Trust Test Market,2020-08-20T16:06:44.976814,estk_f56bbcdde611f2b6077d445dd9eef8da,evt_f56bbcdde611f2b6,Patrick Cantlay,PGA,77.93,78.12,15,0.19,9.3500,9.2200,10.9100,8.1300
Northern Trust Test Market,2020-08-20T16:06:44.976846,estk_f56bbcdde611f2b6f659aa7b5b2176ee,evt_f56bbcdde611f2b6,Collin Morikawa,PGA,78.58,77.44,13,0.18,8.8600,9.5900,10.9200,7.6400
Northern Trust Test Market,2020-08-20T16:06:44.976851,estk_f56bbcdde611f2b66e48ec89ea29f9f8,evt_f56bbcdde611f2b6,Justin Thomas,PGA,74.23,76.87,16,0.18,8.5900,7.2800,10.1900,7.0300
Northern Trust Test Market,2020-08-20T16:06:44.976857,estk_f56bbcdde611f2b6503f60443b3bd112,evt_f56bbcdde611f2b6,Webb Simpson,PGA,76.61,76.82,14,0.18,8.5500,8.5000,10.5000,7.1900
Northern Trust Test Market,2020-08-20T16:06:44.976871,estk_f56bbcdde611f2b6385c664e153f199a,evt_f56bbcdde611f2b6,Rory McIlroy,PGA,74.87,76.64,16,0.19,8.3000,7.5700,9.9800,6.6800
Northern Trust Test Market,2020-08-20T16:06:44.976879,estk_f56bbcdde611f2b6c2291b803160b17e,evt_f56bbcdde611f2b6,Daniel Berger,PGA,71.55,75.96,18,0.19,7.9600,5.9600,9.6100,6.2900
Northern Trust Test Market,2020-08-20T16:06:44.976895,estk_f56bbcdde611f2b6db5881f101cec470,evt_f56bbcdde611f2b6,Justin Rose,PGA,72.15,74.33,13,0.15,7.0600,6.1600,8.7300,5.9800
Northern Trust Test Market,2020-08-20T16:06:44.976899,estk_f56bbcdde611f2b63116b24358a8f507,evt_f56bbcdde611f2b6,Louis Oosthuizen,PGA,69.85,74.37,15,0.15,7.0000,5.2400,8.6200,4.9900
Northern Trust Test Market,2020-08-20T16:06:44.976907,estk_f56bbcdde611f2b6514f8f232f286c88,evt_f56bbcdde611f2b6,Tiger Woods,PGA,72.43,73.12,13,0.17,6.2600,6.3500,7.9500,4.8100
Northern Trust Test Market,2020-08-20T16:06:44.976919,estk_f56bbcdde611f2b6ecdd9ee6a8267442,evt_f56bbcdde611f2b6,Abraham Ancer,PGA,72.44,71.23,14,0.21,5.2100,6.3900,6.8800,4.2900
Northern Trust Test Market,2020-08-20T16:06:44.976931,estk_f56bbcdde611f2b62203f644cb3905c3,evt_f56bbcdde611f2b6,Jason Day,PGA,68.71,70.28,16,0.21,4.8200,4.8000,6.5500,3.8200
Northern Trust Test Market,2020-08-20T16:06:44.976935,estk_f56bbcdde611f2b6a8b79a109f7cf8a2,evt_f56bbcdde611f2b6,Byeong Hun An,PGA,68.97,65.87,10,0.19,3.2800,4.9100,5.0100,2.3700
Northern Trust Test Market,2020-08-20T16:16:45.509778,estk_f56bbcdde611f2b6077d445dd9eef8da,evt_f56bbcdde611f2b6,Patrick Cantlay,PGA,77.93,77.56,16,0.21,8.9500,9.2200,10.9100,7.9700
Northern Trust Test Market,2020-08-20T16:16:45.509814,estk_f56bbcdde611f2b633ae0bbc78db2949,evt_f56bbcdde611f2b6,Dustin Johnson,PGA,70.22,75.47,20,0.21,7.6400,5.3500,8.8400,6.2600
Northern Trust Test Market,2020-08-20T16:16:45.509819,estk_f56bbcdde611f2b6e0b5b2fc83a00c65,evt_f56bbcdde611f2b6,Gary Woodland,PGA,74.87,75.15,16,0.21,7.5400,7.5600,9.0700,6.5200
Northern Trust Test Market,2020-08-20T16:16:45.509831,estk_f56bbcdde611f2b6514f8f232f286c88,evt_f56bbcdde611f2b6,Tiger Woods,PGA,72.43,74.39,15,0.18,6.9900,6.3500,8.7000,5.4900
Northern Trust Test Market,2020-08-20T16:16:45.509835,estk_f56bbcdde611f2b63116b24358a8f507,evt_f56bbcdde611f2b6,Louis Oosthuizen,PGA,69.85,73.98,16,0.17,6.8500,5.2400,8.6200,5.2700
Northern Trust Test Market,2020-08-20T16:16:45.509839,estk_f56bbcdde611f2b6fe200133ec8a6c41,evt_f56bbcdde611f2b6,Tyrrell Hatton,PGA,71.22,73.4,15,0.18,6.4500,5.8000,7.9800,5.3700
Northern Trust Test Market,2020-08-20T16:16:45.509862,estk_f56bbcdde611f2b62203f644cb3905c3,evt_f56bbcdde611f2b6,Jason Day,PGA,68.71,70.59,17,0.22,4.9800,4.8000,6.5500,3.8200
Northern Trust Test Market,2020-08-20T16:16:45.509866,estk_f56bbcdde611f2b6a8b79a109f7cf8a2,evt_f56bbcdde611f2b6,Byeong Hun An,PGA,68.97,64.49,10,0.21,2.8200,4.9100,4.3900,1.9400
Northern Trust Test Market,2020-08-20T16:16:45.509870,estk_f56bbcdde611f2b6dc1e23aa4cb30164,evt_f56bbcdde611f2b6,Marc Leishman,PGA,68.7,64.27,10,0.21,2.7500,4.8500,4.5200,1.7400
Northern Trust Test Market,2020-08-20T16:26:46.044923,estk_f56bbcdde611f2b6503f60443b3bd112,evt_f56bbcdde611f2b6,Webb Simpson,PGA,76.61,78.05,16,0.19,9.3700,8.5000,11.0400,7.6600
Northern Trust Test Market,2020-08-20T16:26:46.044958,estk_f56bbcdde611f2b66e48ec89ea29f9f8,evt_f56bbcdde611f2b6,Justin Thomas,PGA,74.23,77.13,17,0.19,8.7200,7.2800,10.1900,7.0800
Northern Trust Test Market,2020-08-20T16:26:46.044967,estk_f56bbcdde611f2b6f659aa7b5b2176ee,evt_f56bbcdde611f2b6,Collin Morikawa,PGA,78.58,76.65,13,0.19,8.4200,9.5900,10.0900,7.4000
Northern Trust Test Market,2020-08-20T16:26:46.044972,estk_f56bbcdde611f2b6385c664e153f199a,evt_f56bbcdde611f2b6,Rory McIlroy,PGA,74.87,76.15,17,0.21,8.1200,7.5700,9.9800,6.7900
Northern Trust Test Market,2020-08-20T16:26:46.044989,estk_f56bbcdde611f2b6c2291b803160b17e,evt_f56bbcdde611f2b6,Daniel Berger,PGA,71.55,75.52,19,0.21,7.6400,5.9600,9.6100,6.3800
Northern Trust Test Market,2020-08-20T16:36:46.524321,estk_f56bbcdde611f2b6077d445dd9eef8da,evt_f56bbcdde611f2b6,Patrick Cantlay,PGA,77.93,77.79,17,0.22,9.0900,9.2200,10.9100,7.9700
Northern Trust Test Market,2020-08-20T16:36:46.524356,estk_f56bbcdde611f2b63116b24358a8f507,evt_f56bbcdde611f2b6,Louis Oosthuizen,PGA,69.85,75.28,18,0.18,7.5800,5.2400,9.1500,5.9600
Northern Trust Test Market,2020-08-20T16:36:46.524361,estk_f56bbcdde611f2b6e0b5b2fc83a00c65,evt_f56bbcdde611f2b6,Gary Woodland,PGA,74.87,75.4,17,0.22,7.5700,7.5600,9.0700,6.4800
Northern Trust Test Market,2020-08-20T16:36:46.524369,estk_f56bbcdde611f2b6fe200133ec8a6c41,evt_f56bbcdde611f2b6,Tyrrell Hatton,PGA,71.22,74.69,17,0.19,7.2300,5.8000,8.8000,5.5900
Northern Trust Test Market,2020-08-20T16:36:46.524373,estk_f56bbcdde611f2b633ae0bbc78db2949,evt_f56bbcdde611f2b6,Dustin Johnson,PGA,70.22,74.77,20,0.22,7.2300,5.3500,8.7200,6.1800
Northern Trust Test Market,2020-08-20T16:36:46.524377,estk_f56bbcdde611f2b6514f8f232f286c88,evt_f56bbcdde611f2b6,Tiger Woods,PGA,72.43,74.67,16,0.19,7.2000,6.3500,8.7000,5.6100
Northern Trust Test Market,2020-08-20T16:36:46.524381,estk_f56bbcdde611f2b66db374755563ce83,evt_f56bbcdde611f2b6,Bubba Watson,PGA,70.83,72.12,2,0.01,6.3200,5.6100,7.9500,4.6900
Northern Trust Test Market,2020-08-20T16:36:46.524386,estk_f56bbcdde611f2b6db5881f101cec470,evt_f56bbcdde611f2b6,Justin Rose,PGA,72.15,72.88,13,0.17,6.1700,6.1600,7.8100,4.5900
Northern Trust Test Market,2020-08-20T16:36:46.524394,estk_f56bbcdde611f2b6ecdd9ee6a8267442,evt_f56bbcdde611f2b6,Abraham Ancer,PGA,72.44,71.5,15,0.22,5.3800,6.3900,6.8800,4.2900
Northern Trust Test Market,2020-08-20T16:36:46.524407,estk_f56bbcdde611f2b62203f644cb3905c3,evt_f56bbcdde611f2b6,Jason Day,PGA,68.71,70.22,18,0.24,4.6600,4.8000,6.5500,3.8200
Northern Trust Test Market,2020-08-20T16:36:46.524411,estk_f56bbcdde611f2b6dc1e23aa4cb30164,evt_f56bbcdde611f2b6,Marc Leishman,PGA,68.7,64.59,11,0.22,2.8000,4.8500,4.2700,1.7400
Northern Trust Test Market,2020-08-20T16:36:46.524415,estk_f56bbcdde611f2b6a8b79a109f7cf8a2,evt_f56bbcdde611f2b6,Byeong Hun An,PGA,68.97,63.8,10,0.22,2.6400,4.9100,4.3900,1.7100
Northern Trust Test Market,2020-08-20T16:46:47.063175,estk_f56bbcdde611f2b6503f60443b3bd112,evt_f56bbcdde611f2b6,Webb Simpson,PGA,76.61,77.52,17,0.21,8.9200,8.5000,11.0400,7.7300
Northern Trust Test Market,2020-08-20T16:46:47.063206,estk_f56bbcdde611f2b6077d445dd9eef8da,evt_f56bbcdde611f2b6,Patrick Cantlay,PGA,77.93,77.23,18,0.24,8.6600,9.2200,10.2500,7.7900
Northern Trust Test Market,2020-08-20T16:46:47.063212,estk_f56bbcdde611f2b66e48ec89ea29f9f8,evt_f56bbcdde611f2b6,Justin Thomas,PGA,74.23,76.64,18,0.21,8.5500,7.2800,10.1900,7.1000
Northern Trust Test Market,2020-08-20T16:46:47.063218,estk_f56bbcdde611f2b6c2291b803160b17e,evt_f56bbcdde611f2b6,Daniel Berger,PGA,71.55,76.81,21,0.22,8.4500,5.9600,10.1300,6.9000
Northern Trust Test Market,2020-08-20T16:46:47.063222,estk_f56bbcdde611f2b6385c664e153f199a,evt_f56bbcdde611f2b6,Rory McIlroy,PGA,74.87,76.4,18,0.22,8.4100,7.5700,9.9800,6.7900
Northern Trust Test Market,2020-08-20T16:46:47.063235,estk_f56bbcdde611f2b6f659aa7b5b2176ee,evt_f56bbcdde611f2b6,Collin Morikawa,PGA,78.58,76.08,14,0.21,8.1000,9.5900,9.7600,6.8300
Northern Trust Test Market,2020-08-20T16:46:47.063243,estk_f56bbcdde611f2b63116b24358a8f507,evt_f56bbcdde611f2b6,Louis Oosthuizen,PGA,69.85,75.58,19,0.19,7.8000,5.2400,9.1500,6.2200
Northern Trust Test Market,2020-08-20T16:46:47.063251,estk_f56bbcdde611f2b6e0b5b2fc83a00c65,evt_f56bbcdde611f2b6,Gary Woodland,PGA,74.87,74.9,18,0.24,7.2300,7.5600,9.0700,6.3100
Northern Trust Test Market,2020-08-20T16:46:47.063259,estk_f56bbcdde611f2b6fe200133ec8a6c41,evt_f56bbcdde611f2b6,Tyrrell Hatton,PGA,71.22,74.26,18,0.21,6.9500,5.8000,8.8000,5.5900
Northern Trust Test Market,2020-08-20T16:46:47.063263,estk_f56bbcdde611f2b633ae0bbc78db2949,evt_f56bbcdde611f2b6,Dustin Johnson,PGA,70.22,74.37,21,0.24,6.9000,5.3500,8.7200,5.9900
Northern Trust Test Market,2020-08-20T16:46:47.063267,estk_f56bbcdde611f2b6db5881f101cec470,evt_f56bbcdde611f2b6,Justin Rose,PGA,72.15,73.16,14,0.18,6.4500,6.1600,7.8100,4.7800
Northern Trust Test Market,2020-08-20T16:46:47.063288,estk_f56bbcdde611f2b6ecdd9ee6a8267442,evt_f56bbcdde611f2b6,Abraham Ancer,PGA,72.44,71.05,16,0.24,5.0400,6.3900,6.7200,4.2000
Northern Trust Test Market,2020-08-20T16:46:47.063296,estk_f56bbcdde611f2b6dc1e23aa4cb30164,evt_f56bbcdde611f2b6,Marc Leishman,PGA,68.7,65.21,13,0.24,2.9400,4.8500,4.2700,1.7400
Northern Trust Test Market,2020-08-20T16:46:47.063300,estk_f56bbcdde611f2b6a8b79a109f7cf8a2,evt_f56bbcdde611f2b6,Byeong Hun An,PGA,68.97,63.42,11,0.24,2.5000,4.9100,4.3900,1.3000
Northern Trust Test Market,2020-08-20T16:56:47.686788,estk_f56bbcdde611f2b6503f60443b3bd112,evt_f56bbcdde611f2b6,Webb Simpson,PGA,76.61,78.76,19,0.22,9.8900,8.5000,11.6000,8.2300
Northern Trust Test Market,2020-08-20T16:56:47.686817,estk_f56bbcdde611f2b6f659aa7b5b2176ee,evt_f56bbcdde611f2b6,Collin Morikawa,PGA,78.58,77.29,16,0.22,8.9700,9.5900,10.5100,7.1800
Northern Trust Test Market,2020-08-20T16:56:47.686828,estk_f56bbcdde611f2b66e48ec89ea29f9f8,evt_f56bbcdde611f2b6,Justin Thomas,PGA,74.23,76.9,19,0.22,8.6000,7.2800,10.1900,7.1000
Northern Trust Test Market,2020-08-20T16:56:47.686841,estk_f56bbcdde611f2b6385c664e153f199a,evt_f56bbcdde611f2b6,Rory McIlroy,PGA,74.87,75.9,19,0.24,7.8800,7.5700,9.4600,6.7900
Northern Trust Test Market,2020-08-20T16:56:47.686853,estk_f56bbcdde611f2b6c2291b803160b17e,evt_f56bbcdde611f2b6,Daniel Berger,PGA,71.55,75.38,21,0.24,7.4600,5.9600,9.1400,6.3800
Northern Trust Test Market,2020-08-20T16:56:47.686865,estk_f56bbcdde611f2b6fe200133ec8a6c41,evt_f56bbcdde611f2b6,Tyrrell Hatton,PGA,71.22,74.55,19,0.22,7.1400,5.8000,8.8000,5.6200
Northern Trust Test Market,2020-08-20T16:56:47.686869,estk_f56bbcdde611f2b6514f8f232f286c88,evt_f56bbcdde611f2b6,Tiger Woods,PGA,72.43,74.22,17,0.21,7.0300,6.3500,8.7000,5.6300
Northern Trust Test Market,2020-08-20T16:56:47.686877,estk_f56bbcdde611f2b66db374755563ce83,evt_f56bbcdde611f2b6,Bubba Watson,PGA,70.83,71.71,3,0.03,6.0900,5.6100,7.9500,4.8500
Northern Trust Test Market,2020-08-20T16:56:47.686881,estk_f56bbcdde611f2b6db5881f101cec470,evt_f56bbcdde611f2b6,Justin Rose,PGA,72.15,72.44,14,0.19,6.0700,6.1600,7.8100,4.7800
Northern Trust Test Market,2020-08-20T16:56:47.686902,estk_f56bbcdde611f2b62203f644cb3905c3,evt_f56bbcdde611f2b6,Jason Day,PGA,68.71,70.53,19,0.25,4.9400,4.8000,6.5500,3.8200
Northern Trust Test Market,2020-08-20T17:06:48.244493,estk_f56bbcdde611f2b6077d445dd9eef8da,evt_f56bbcdde611f2b6,Patrick Cantlay,PGA,77.93,78.45,20,0.25,10.0100,9.2200,11.6300,8.2700
Northern Trust Test Market,2020-08-20T17:06:48.244520,estk_f56bbcdde611f2b6e0b5b2fc83a00c65,evt_f56bbcdde611f2b6,Gary Woodland,PGA,74.87,76.15,20,0.25,8.0800,7.5600,9.7800,6.5600
Northern Trust Test Market,2020-08-20T17:06:48.244536,estk_f56bbcdde611f2b63116b24358a8f507,evt_f56bbcdde611f2b6,Louis Oosthuizen,PGA,69.85,75.18,20,0.21,7.5300,5.2400,9.1500,6.3200
Northern Trust Test Market,2020-08-20T17:06:48.244544,estk_f56bbcdde611f2b633ae0bbc78db2949,evt_f56bbcdde611f2b6,Dustin Johnson,PGA,70.22,74.66,22,0.25,7.0400,5.3500,8.7200,5.9900
Northern Trust Test Market,2020-08-20T17:06:48.244556,estk_f56bbcdde611f2b66db374755563ce83,evt_f56bbcdde611f2b6,Bubba Watson,PGA,70.83,72,4,0.04,5.9400,5.6100,7.4200,4.8500
Northern Trust Test Market,2020-08-20T17:06:48.244564,estk_f56bbcdde611f2b6db5881f101cec470,evt_f56bbcdde611f2b6,Justin Rose,PGA,72.15,72,15,0.21,5.5400,6.1600,7.0900,4.4300
Northern Trust Test Market,2020-08-20T17:06:48.244569,estk_f56bbcdde611f2b6527c5abfc1093b26,evt_f56bbcdde611f2b6,Hideki Matsuyama,PGA,69.53,70.83,2,0.01,5.4400,5.0800,6.8800,3.9100
Northern Trust Test Market,2020-08-20T17:06:48.244573,estk_f56bbcdde611f2b6ecdd9ee6a8267442,evt_f56bbcdde611f2b6,Abraham Ancer,PGA,72.44,71.33,17,0.25,4.9400,6.3900,6.7200,3.8300
Northern Trust Test Market,2020-08-20T17:06:48.244578,estk_f56bbcdde611f2b69cb9fc3fe55be3c0,evt_f56bbcdde611f2b6,Adam Scott,PGA,69.44,69.75,1,0.01,4.8600,5.0900,6.3900,3.8300
Northern Trust Test Market,2020-08-20T17:06:48.244587,estk_f56bbcdde611f2b6dc1e23aa4cb30164,evt_f56bbcdde611f2b6,Marc Leishman,PGA,68.7,65.53,14,0.25,2.5400,4.8500,4.2700,1.6600
Northern Trust Test Market,2020-08-20T17:06:48.244591,estk_f56bbcdde611f2b6a8b79a109f7cf8a2,evt_f56bbcdde611f2b6,Byeong Hun An,PGA,68.97,63.73,12,0.25,2.1100,4.9100,3.6300,1.2700
Northern Trust Test Market,2020-08-20T17:16:48.695666,estk_f56bbcdde611f2b6503f60443b3bd112,evt_f56bbcdde611f2b6,Webb Simpson,PGA,76.61,78.22,20,0.24,9.7900,8.5000,11.3200,8.6000
Northern Trust Test Market,2020-08-20T17:16:48.695672,estk_f56bbcdde611f2b6f40801c5943c8d94,evt_f56bbcdde611f2b6,Jon Rahm,PGA,75.84,77.08,2,0.01,9.4100,8.0200,11.1000,7.7400
Northern Trust Test Market,2020-08-20T17:16:48.695677,estk_f56bbcdde611f2b6f659aa7b5b2176ee,evt_f56bbcdde611f2b6,Collin Morikawa,PGA,78.58,76.72,17,0.24,8.5500,9.5900,10.0400,7.3500
Northern Trust Test Market,2020-08-20T17:16:48.695682,estk_f56bbcdde611f2b6c2291b803160b17e,evt_f56bbcdde611f2b6,Daniel Berger,PGA,71.55,76.66,23,0.25,8.5200,5.9600,10.1000,6.8400
Northern Trust Test Market,2020-08-20T17:16:48.695687,estk_f56bbcdde611f2b66e48ec89ea29f9f8,evt_f56bbcdde611f2b6,Justin Thomas,PGA,74.23,76.41,20,0.24,8.3700,7.2800,10.1900,7.2400
Northern Trust Test Market,2020-08-20T17:16:48.695700,estk_f56bbcdde611f2b6385c664e153f199a,evt_f56bbcdde611f2b6,Rory McIlroy,PGA,74.87,76.15,20,0.25,8.0300,7.5700,9.4600,6.7900
Northern Trust Test Market,2020-08-20T17:16:48.695708,estk_f56bbcdde611f2b6514f8f232f286c88,evt_f56bbcdde611f2b6,Tiger Woods,PGA,72.43,75.5,19,0.22,7.5700,6.3500,9.2700,6.0600
Northern Trust Test Market,2020-08-20T17:16:48.695724,estk_f56bbcdde611f2b6fe200133ec8a6c41,evt_f56bbcdde611f2b6,Tyrrell Hatton,PGA,71.22,74.13,20,0.24,6.7200,5.8000,8.2600,5.6200
Northern Trust Test Market,2020-08-20T17:26:49.109158,estk_f56bbcdde611f2b63116b24358a8f507,evt_f56bbcdde611f2b6,Louis Oosthuizen,PGA,69.85,76.48,22,0.22,8.3400,5.2400,9.8800,6.6300
Northern Trust Test Market,2020-08-20T17:26:49.109179,estk_f56bbcdde611f2b6514f8f232f286c88,evt_f56bbcdde611f2b6,Tiger Woods,PGA,72.43,76.05,21,0.24,7.8500,6.3500,9.2700,6.2800
Northern Trust Test Market,2020-08-20T17:26:49.109191,estk_f56bbcdde611f2b6fe200133ec8a6c41,evt_f56bbcdde611f2b6,Tyrrell Hatton,PGA,71.22,75.41,22,0.25,7.4700,5.8000,8.9600,5.7400
Northern Trust Test Market,2020-08-20T17:26:49.109195,estk_f56bbcdde611f2b68eb46850755a695e,evt_f56bbcdde611f2b6,Xander Schauffele,PGA,73.96,74.22,1,0.01,7.0800,7.0800,8.9400,6.0900
Northern Trust Test Market,2020-08-20T17:26:49.109204,estk_f56bbcdde611f2b66db374755563ce83,evt_f56bbcdde611f2b6,Bubba Watson,PGA,70.83,72.58,6,0.06,6.0600,5.6100,7.4200,4.8500
Northern Trust Test Market,2020-08-20T17:26:49.109208,estk_f56bbcdde611f2b6527c5abfc1093b26,evt_f56bbcdde611f2b6,Hideki Matsuyama,PGA,69.53,71.44,4,0.03,5.5700,5.0800,6.8800,3.9500
Northern Trust Test Market,2020-08-20T17:26:49.109218,estk_f56bbcdde611f2b6db5881f101cec470,evt_f56bbcdde611f2b6,Justin Rose,PGA,72.15,72.28,16,0.22,5.3600,6.1600,7.0900,4.4300
Northern Trust Test Market,2020-08-20T17:26:49.109225,estk_f56bbcdde611f2b69cb9fc3fe55be3c0,evt_f56bbcdde611f2b6,Adam Scott,PGA,69.44,69.36,2,0.03,4.4900,5.0900,6.1000,3.6200
Northern Trust Test Market,2020-08-20T17:36:49.698420,estk_f56bbcdde611f2b6f40801c5943c8d94,evt_f56bbcdde611f2b6,Jon Rahm,PGA,75.84,76.56,3,0.03,8.8800,8.0200,10.4700,7.7400
Northern Trust Test Market,2020-08-20T17:36:49.698426,estk_f56bbcdde611f2b6f659aa7b5b2176ee,evt_f56bbcdde611f2b6,Collin Morikawa,PGA,78.58,76.94,18,0.25,8.5300,9.5900,10.0400,7.3500
Northern Trust Test Market,2020-08-20T17:36:49.698436,estk_f56bbcdde611f2b66e48ec89ea29f9f8,evt_f56bbcdde611f2b6,Justin Thomas,PGA,74.23,76.67,21,0.25,8.3700,7.2800,9.7700,7.1700
Northern Trust Test Market,2020-08-20T17:36:49.698440,estk_f56bbcdde611f2b6503f60443b3bd112,evt_f56bbcdde611f2b6,Webb Simpson,PGA,76.61,76.46,19,0.25,8.2600,8.5000,9.8200,6.5800
Northern Trust Test Market,2020-08-20T17:36:49.698445,estk_f56bbcdde611f2b603fcb99bd098267b,evt_f56bbcdde611f2b6,Patrick Reed,PGA,75.5,75.75,1,0.01,8.2400,7.8800,9.8700,6.7700
Northern Trust Test Market,2020-08-20T17:36:49.698462,estk_f56bbcdde611f2b63116b24358a8f507,evt_f56bbcdde611f2b6,Louis Oosthuizen,PGA,69.85,76.09,23,0.24,7.9400,5.2400,9.8800,6.6700
Northern Trust Test Market,2020-08-20T17:36:49.698467,estk_f56bbcdde611f2b6d11048af6a9aa9e4,evt_f56bbcdde611f2b6,Bryson DeChambeau,PGA,74.79,75.04,1,0.01,7.8900,7.4700,9.4500,6.5800
Northern Trust Test Market,2020-08-20T17:36:49.698482,estk_f56bbcdde611f2b66db374755563ce83,evt_f56bbcdde611f2b6,Bubba Watson,PGA,70.83,72.87,7,0.07,6.2600,5.6100,7.9600,4.8500
Northern Trust Test Market,2020-08-20T17:36:49.698486,estk_f56bbcdde611f2b6db5881f101cec470,evt_f56bbcdde611f2b6,Justin Rose,PGA,72.15,72.83,18,0.24,5.7800,6.1600,7.0900,4.4300
Northern Trust Test Market,2020-08-20T17:36:49.698490,estk_f56bbcdde611f2b6d84407620d2d9cf0,evt_f56bbcdde611f2b6,Tony Finau,PGA,71.23,71.52,1,0.01,5.6800,5.8000,7.3100,4.5800
Northern Trust Test Market,2020-08-20T17:36:49.698499,estk_f56bbcdde611f2b6527c5abfc1093b26,evt_f56bbcdde611f2b6,Hideki Matsuyama,PGA,69.53,71.75,5,0.04,5.6000,5.0800,6.8800,4.1200
Northern Trust Test Market,2020-08-20T17:36:49.698508,estk_f56bbcdde611f2b69cb9fc3fe55be3c0,evt_f56bbcdde611f2b6,Adam Scott,PGA,69.44,69.66,3,0.04,4.6000,5.0900,6.1000,3.6100
Northern Trust Test Market,2020-08-20T17:46:50.292929,estk_f56bbcdde611f2b6d11048af6a9aa9e4,evt_f56bbcdde611f2b6,Bryson DeChambeau,PGA,74.79,75.55,3,0.03,8.2000,7.4700,9.4500,6.5800
Northern Trust Test Market,2020-08-20T17:46:50.292946,estk_f56bbcdde611f2b68eb46850755a695e,evt_f56bbcdde611f2b6,Xander Schauffele,PGA,73.96,74.74,3,0.03,7.4900,7.0800,8.9400,6.0900
Northern Trust Test Market,2020-08-20T17:46:50.292954,estk_f56bbcdde611f2b6514f8f232f286c88,evt_f56bbcdde611f2b6,Tiger Woods,PGA,72.43,75.32,21,0.25,7.4400,6.3500,9.2700,6.3100
Northern Trust Test Market,2020-08-20T17:46:50.292962,estk_f56bbcdde611f2b66db374755563ce83,evt_f56bbcdde611f2b6,Bubba Watson,PGA,70.83,73.16,8,0.08,6.3900,5.6100,7.9600,4.8500
Northern Trust Test Market,2020-08-20T17:46:50.292974,estk_f56bbcdde611f2b6d84407620d2d9cf0,evt_f56bbcdde611f2b6,Tony Finau,PGA,71.23,70.09,1,0.03,4.8700,5.8000,6.4400,3.9400
Northern Trust Test Market,2020-08-20T17:56:50.758954,estk_f56bbcdde611f2b6f40801c5943c8d94,evt_f56bbcdde611f2b6,Jon Rahm,PGA,75.84,76.81,4,0.04,8.9200,8.0200,10.4700,7.7400
Northern Trust Test Market,2020-08-20T17:56:50.758961,estk_f56bbcdde611f2b603fcb99bd098267b,evt_f56bbcdde611f2b6,Patrick Reed,PGA,75.5,76.23,3,0.03,8.5500,7.8800,9.8700,6.9500
Northern Trust Test Market,2020-08-20T17:56:50.758983,estk_f56bbcdde611f2b63116b24358a8f507,evt_f56bbcdde611f2b6,Louis Oosthuizen,PGA,69.85,76.39,24,0.25,8.2000,5.2400,9.8800,6.6700
Northern Trust Test Market,2020-08-20T17:56:50.758999,estk_f56bbcdde611f2b68eb46850755a695e,evt_f56bbcdde611f2b6,Xander Schauffele,PGA,73.96,75,4,0.04,7.6000,7.0800,8.9400,6.0900
Northern Trust Test Market,2020-08-20T17:56:50.759015,estk_f56bbcdde611f2b6db5881f101cec470,evt_f56bbcdde611f2b6,Justin Rose,PGA,72.15,74.11,20,0.25,6.4500,6.1600,8.0100,4.8000
Northern Trust Test Market,2020-08-20T17:56:50.759027,estk_f56bbcdde611f2b69cb9fc3fe55be3c0,evt_f56bbcdde611f2b6,Adam Scott,PGA,69.44,70.27,5,0.06,4.8000,5.0900,6.1000,3.6100
Northern Trust Test Market,2020-08-20T18:06:51.347005,estk_f56bbcdde611f2b6f40801c5943c8d94,evt_f56bbcdde611f2b6,Jon Rahm,PGA,75.84,77.29,6,0.06,9.2800,8.0200,10.9600,7.7400
Northern Trust Test Market,2020-08-20T18:06:51.347012,estk_f56bbcdde611f2b603fcb99bd098267b,evt_f56bbcdde611f2b6,Patrick Reed,PGA,75.5,76.48,4,0.04,8.6500,7.8800,9.9000,7.0400
Northern Trust Test Market,2020-08-20T18:06:51.347030,estk_f56bbcdde611f2b6d11048af6a9aa9e4,evt_f56bbcdde611f2b6,Bryson DeChambeau,PGA,74.79,75.8,4,0.04,8.2100,7.4700,9.4500,6.5800
Northern Trust Test Market,2020-08-20T18:06:51.347070,estk_f56bbcdde611f2b6527c5abfc1093b26,evt_f56bbcdde611f2b6,Hideki Matsuyama,PGA,69.53,72.36,7,0.06,5.9600,5.0800,7.2200,4.2900
Northern Trust Test Market,2020-08-20T18:06:51.347075,estk_f56bbcdde611f2b66db374755563ce83,evt_f56bbcdde611f2b6,Bubba Watson,PGA,70.83,71.75,8,0.1,5.4900,5.6100,7.0200,4.4800
Northern Trust Test Market,2020-08-20T18:06:51.347079,estk_f56bbcdde611f2b6d84407620d2d9cf0,evt_f56bbcdde611f2b6,Tony Finau,PGA,71.23,70.38,2,0.04,4.9200,5.8000,6.4400,3.8700
Northern Trust Test Market,2020-08-20T18:06:51.347088,estk_f56bbcdde611f2b69cb9fc3fe55be3c0,evt_f56bbcdde611f2b6,Adam Scott,PGA,69.44,69.58,5,0.07,4.5000,5.0900,6.1000,3.5400
Northern Trust Test Market,2020-08-20T18:16:51.954382,estk_f56bbcdde611f2b68eb46850755a695e,evt_f56bbcdde611f2b6,Xander Schauffele,PGA,73.96,74.52,5,0.06,7.2200,7.0800,8.9400,6.0900
Northern Trust Test Market,2020-08-20T18:16:51.954395,estk_f56bbcdde611f2b66db374755563ce83,evt_f56bbcdde611f2b6,Bubba Watson,PGA,70.83,73.04,10,0.11,6.2100,5.6100,7.7100,4.5900
Northern Trust Test Market,2020-08-20T18:16:51.954399,estk_f56bbcdde611f2b6527c5abfc1093b26,evt_f56bbcdde611f2b6,Hideki Matsuyama,PGA,69.53,72.66,8,0.07,6.0200,5.0800,7.5300,4.4400
Northern Trust Test Market,2020-08-20T18:16:51.954408,estk_f56bbcdde611f2b6d84407620d2d9cf0,evt_f56bbcdde611f2b6,Tony Finau,PGA,71.23,69.96,3,0.06,4.6600,5.8000,6.4400,3.3500
Northern Trust Test Market,2020-08-20T18:26:52.540716,estk_f56bbcdde611f2b603fcb99bd098267b,evt_f56bbcdde611f2b6,Patrick Reed,PGA,75.5,76.97,6,0.06,9.2000,7.8800,10.3200,7.2900
Northern Trust Test Market,2020-08-20T18:26:52.540789,estk_f56bbcdde611f2b69cb9fc3fe55be3c0,evt_f56bbcdde611f2b6,Adam Scott,PGA,69.44,69.88,6,0.08,4.4900,5.0900,6.1000,3.5400
Northern Trust Test Market,2020-08-20T18:36:53.078466,estk_f56bbcdde611f2b6f40801c5943c8d94,evt_f56bbcdde611f2b6,Jon Rahm,PGA,75.84,77.53,7,0.07,9.4400,8.0200,10.9600,7.8000
Northern Trust Test Market,2020-08-20T18:36:53.078510,estk_f56bbcdde611f2b68eb46850755a695e,evt_f56bbcdde611f2b6,Xander Schauffele,PGA,73.96,74.78,6,0.07,7.3700,7.0800,8.9400,6.0900
Northern Trust Test Market,2020-08-20T18:36:53.078518,estk_f56bbcdde611f2b6d11048af6a9aa9e4,evt_f56bbcdde611f2b6,Bryson DeChambeau,PGA,74.79,74.3,4,0.06,7.0900,7.4700,8.6700,6.1100
Northern Trust Test Market,2020-08-20T18:36:53.078526,estk_f56bbcdde611f2b66db374755563ce83,evt_f56bbcdde611f2b6,Bubba Watson,PGA,70.83,73.62,12,0.13,6.4400,5.6100,7.8000,4.7900
Northern Trust Test Market,2020-08-20T18:36:53.078533,estk_f56bbcdde611f2b6527c5abfc1093b26,evt_f56bbcdde611f2b6,Hideki Matsuyama,PGA,69.53,72.97,9,0.08,6.1100,5.0800,7.5300,4.6000
Northern Trust Test Market,2020-08-20T18:36:53.078538,estk_f56bbcdde611f2b69cb9fc3fe55be3c0,evt_f56bbcdde611f2b6,Adam Scott,PGA,69.44,70.5,8,0.1,4.7500,5.0900,6.1000,3.5400
Northern Trust Test Market,2020-08-20T18:36:53.078547,estk_f56bbcdde611f2b6d84407620d2d9cf0,evt_f56bbcdde611f2b6,Tony Finau,PGA,71.23,70.24,4,0.07,4.6300,5.8000,6.4400,3.3500
Northern Trust Test Market,2020-08-20T18:46:53.666300,estk_f56bbcdde611f2b603fcb99bd098267b,evt_f56bbcdde611f2b6,Patrick Reed,PGA,75.5,78.21,8,0.07,10.0500,7.8800,11.6600,8.3200
Northern Trust Test Market,2020-08-20T18:46:53.666335,estk_f56bbcdde611f2b6f40801c5943c8d94,evt_f56bbcdde611f2b6,Jon Rahm,PGA,75.84,77.77,8,0.08,9.6900,8.0200,10.9600,7.9500
Northern Trust Test Market,2020-08-20T18:46:53.666381,estk_f56bbcdde611f2b68eb46850755a695e,evt_f56bbcdde611f2b6,Xander Schauffele,PGA,73.96,74.04,6,0.08,6.8400,7.0800,8.4900,5.9000
Northern Trust Test Market,2020-08-20T18:46:53.666385,estk_f56bbcdde611f2b6d11048af6a9aa9e4,evt_f56bbcdde611f2b6,Bryson DeChambeau,PGA,74.79,73.55,4,0.07,6.5400,7.4700,8.1100,5.5200
Northern Trust Test Market,2020-08-20T18:46:53.666397,estk_f56bbcdde611f2b6527c5abfc1093b26,evt_f56bbcdde611f2b6,Hideki Matsuyama,PGA,69.53,72.58,10,0.1,5.8900,5.0800,7.5300,4.6000
Northern Trust Test Market,2020-08-20T18:46:53.666401,estk_f56bbcdde611f2b69cb9fc3fe55be3c0,evt_f56bbcdde611f2b6,Adam Scott,PGA,69.44,71.8,10,0.11,5.3400,5.0900,6.9500,3.7900
Northern Trust Test Market,2020-08-20T18:46:53.666410,estk_f56bbcdde611f2b6d84407620d2d9cf0,evt_f56bbcdde611f2b6,Tony Finau,PGA,71.23,70.53,5,0.08,4.6900,5.8000,6.4400,3.3500
Northern Trust Test Market,2020-08-20T18:56:54.090433,estk_f56bbcdde611f2b66db374755563ce83,evt_f56bbcdde611f2b6,Bubba Watson,PGA,70.83,74.91,14,0.14,7.2500,5.6100,8.8800,5.6000
Northern Trust Test Market,2020-08-20T18:56:54.090446,estk_f56bbcdde611f2b6d11048af6a9aa9e4,evt_f56bbcdde611f2b6,Bryson DeChambeau,PGA,74.79,73.81,5,0.08,6.6400,7.4700,8.1100,5.5200
Northern Trust Test Market,2020-08-20T18:56:54.090466,estk_f56bbcdde611f2b6d84407620d2d9cf0,evt_f56bbcdde611f2b6,Tony Finau,PGA,71.23,70.11,6,0.1,4.4800,5.8000,6.4400,3.3500
Northern Trust Test Market,2020-08-20T19:06:54.652674,estk_f56bbcdde611f2b603fcb99bd098267b,evt_f56bbcdde611f2b6,Patrick Reed,PGA,75.5,78.46,9,0.08,10.1800,7.8800,11.6600,8.5300
Northern Trust Test Market,2020-08-20T19:06:54.652719,estk_f56bbcdde611f2b6f40801c5943c8d94,evt_f56bbcdde611f2b6,Jon Rahm,PGA,75.84,76.26,8,0.1,8.3300,8.0200,10.0900,7.2900
Northern Trust Test Market,2020-08-20T19:06:54.652770,estk_f56bbcdde611f2b68eb46850755a695e,evt_f56bbcdde611f2b6,Xander Schauffele,PGA,73.96,73.56,7,0.1,6.4400,7.0800,7.9900,5.4500
Northern Trust Test Market,2020-08-20T19:06:54.652774,estk_f56bbcdde611f2b69cb9fc3fe55be3c0,evt_f56bbcdde611f2b6,Adam Scott,PGA,69.44,73.41,13,0.13,6.3700,5.0900,7.8800,4.7400
Northern Trust Test Market,2020-08-20T19:06:54.652784,estk_f56bbcdde611f2b6527c5abfc1093b26,evt_f56bbcdde611f2b6,Hideki Matsuyama,PGA,69.53,71.88,10,0.11,5.4200,5.0800,6.9700,4.4800
Northern Trust Test Market,2020-08-20T19:16:55.240581,estk_f56bbcdde611f2b6f40801c5943c8d94,evt_f56bbcdde611f2b6,Jon Rahm,PGA,75.84,76.5,9,0.11,8.4500,8.0200,10.0900,7.2900
Northern Trust Test Market,2020-08-20T19:16:55.240604,estk_f56bbcdde611f2b66db374755563ce83,evt_f56bbcdde611f2b6,Bubba Watson,PGA,70.83,76.21,16,0.15,8.0300,5.6100,9.8300,6.5100
Northern Trust Test Market,2020-08-20T19:16:55.240653,estk_f56bbcdde611f2b68eb46850755a695e,evt_f56bbcdde611f2b6,Xander Schauffele,PGA,73.96,74.82,9,0.11,7.1800,7.0800,8.4300,5.6100
Northern Trust Test Market,2020-08-20T19:16:55.240685,estk_f56bbcdde611f2b6d84407620d2d9cf0,evt_f56bbcdde611f2b6,Tony Finau,PGA,71.23,70.39,7,0.11,4.4500,5.8000,6.4400,3.3500
Northern Trust Test Market,2020-08-20T19:26:55.713108,estk_f56bbcdde611f2b603fcb99bd098267b,evt_f56bbcdde611f2b6,Patrick Reed,PGA,75.5,77.95,10,0.1,9.7500,7.8800,11.6600,8.5300
Northern Trust Test Market,2020-08-20T19:26:55.713152,estk_f56bbcdde611f2b66db374755563ce83,evt_f56bbcdde611f2b6,Bubba Watson,PGA,70.83,75.79,17,0.17,7.7500,5.6100,9.8300,6.5600
Northern Trust Test Market,2020-08-20T19:26:55.713174,estk_f56bbcdde611f2b69cb9fc3fe55be3c0,evt_f56bbcdde611f2b6,Adam Scott,PGA,69.44,73.72,14,0.14,6.3100,5.0900,7.8800,4.7400
Northern Trust Test Market,2020-08-20T19:26:55.713179,estk_f56bbcdde611f2b6d11048af6a9aa9e4,evt_f56bbcdde611f2b6,Bryson DeChambeau,PGA,74.79,73.31,6,0.1,6.2500,7.4700,8.1100,5.1200
Northern Trust Test Market,2020-08-20T19:26:55.713183,estk_f56bbcdde611f2b6527c5abfc1093b26,evt_f56bbcdde611f2b6,Hideki Matsuyama,PGA,69.53,71.49,11,0.13,5.1000,5.0800,6.9700,4.1600
Northern Trust Test Market,2020-08-20T19:36:56.285621,estk_f56bbcdde611f2b603fcb99bd098267b,evt_f56bbcdde611f2b6,Patrick Reed,PGA,75.5,77.2,10,0.11,9.1800,7.8800,10.8700,7.9500
Northern Trust Test Market,2020-08-20T19:36:56.285650,estk_f56bbcdde611f2b6f40801c5943c8d94,evt_f56bbcdde611f2b6,Jon Rahm,PGA,75.84,75.98,10,0.13,8.0800,8.0200,10.0900,6.8300
Northern Trust Test Market,2020-08-20T19:36:56.285673,estk_f56bbcdde611f2b68eb46850755a695e,evt_f56bbcdde611f2b6,Xander Schauffele,PGA,73.96,74.35,10,0.13,6.9200,7.0800,8.7800,5.6100
Northern Trust Test Market,2020-08-20T19:36:56.285689,estk_f56bbcdde611f2b6d11048af6a9aa9e4,evt_f56bbcdde611f2b6,Bryson DeChambeau,PGA,74.79,73.56,7,0.11,6.3700,7.4700,8.1100,5.1200
Northern Trust Test Market,2020-08-20T19:36:56.285693,estk_f56bbcdde611f2b6527c5abfc1093b26,evt_f56bbcdde611f2b6,Hideki Matsuyama,PGA,69.53,71.8,12,0.14,5.2700,5.0800,6.9700,4.1600
Northern Trust Test Market,2020-08-20T19:36:56.285701,estk_f56bbcdde611f2b6d84407620d2d9cf0,evt_f56bbcdde611f2b6,Tony Finau,PGA,71.23,69.97,8,0.13,4.3400,5.8000,5.9100,3.3500
Northern Trust Test Market,2020-08-20T19:46:56.897545,estk_f56bbcdde611f2b66db374755563ce83,evt_f56bbcdde611f2b6,Bubba Watson,PGA,70.83,76.08,18,0.18,8.1200,5.6100,9.8300,6.5600
Northern Trust Test Market,2020-08-20T19:46:56.897577,estk_f56bbcdde611f2b69cb9fc3fe55be3c0,evt_f56bbcdde611f2b6,Adam Scott,PGA,69.44,74.02,15,0.15,6.6300,5.0900,7.8800,4.9200
Northern Trust Test Market,2020-08-20T19:56:57.356922,estk_f56bbcdde611f2b603fcb99bd098267b,evt_f56bbcdde611f2b6,Patrick Reed,PGA,75.5,76.69,11,0.13,8.7300,7.8800,10.2900,7.0300
Northern Trust Test Market,2020-08-20T19:56:57.356928,estk_f56bbcdde611f2b6f40801c5943c8d94,evt_f56bbcdde611f2b6,Jon Rahm,PGA,75.84,76.46,12,0.15,8.5100,8.0200,10.0900,6.8300
Northern Trust Test Market,2020-08-20T19:56:57.356941,estk_f56bbcdde611f2b66db374755563ce83,evt_f56bbcdde611f2b6,Bubba Watson,PGA,70.83,76.37,19,0.19,8.4000,5.6100,9.8300,6.7100
Northern Trust Test Market,2020-08-20T19:56:57.356962,estk_f56bbcdde611f2b68eb46850755a695e,evt_f56bbcdde611f2b6,Xander Schauffele,PGA,73.96,75.87,13,0.15,7.9800,7.0800,9.6400,6.3200
Northern Trust Test Market,2020-08-20T19:56:57.356977,estk_f56bbcdde611f2b6d11048af6a9aa9e4,evt_f56bbcdde611f2b6,Bryson DeChambeau,PGA,74.79,74.07,9,0.13,6.6900,7.4700,8.1100,5.1900
Northern Trust Test Market,2020-08-20T19:56:57.356985,estk_f56bbcdde611f2b69cb9fc3fe55be3c0,evt_f56bbcdde611f2b6,Adam Scott,PGA,69.44,72.64,15,0.17,5.5400,5.0900,7.2900,4.6500
Northern Trust Test Market,2020-08-20T19:56:57.356990,estk_f56bbcdde611f2b6527c5abfc1093b26,evt_f56bbcdde611f2b6,Hideki Matsuyama,PGA,69.53,71.1,12,0.15,4.9900,5.0800,6.4000,3.9300
Northern Trust Test Market,2020-08-20T19:56:57.357003,estk_f56bbcdde611f2b6d84407620d2d9cf0,evt_f56bbcdde611f2b6,Tony Finau,PGA,71.23,69.26,8,0.14,3.9600,5.8000,5.9100,3.0800
Northern Trust Test Market,2020-08-20T20:06:57.907897,estk_f56bbcdde611f2b603fcb99bd098267b,evt_f56bbcdde611f2b6,Patrick Reed,PGA,75.5,76.93,12,0.14,8.8800,7.8800,10.2900,7.1400
Northern Trust Test Market,2020-08-20T20:06:57.907950,estk_f56bbcdde611f2b6d11048af6a9aa9e4,evt_f56bbcdde611f2b6,Bryson DeChambeau,PGA,74.79,74.32,10,0.14,6.8600,7.4700,8.1100,5.3100
Northern Trust Test Market,2020-08-20T20:06:57.907970,estk_f56bbcdde611f2b6527c5abfc1093b26,evt_f56bbcdde611f2b6,Hideki Matsuyama,PGA,69.53,70.71,13,0.17,4.5900,5.0800,6.4000,3.6800
Northern Trust Test Market,2020-08-20T20:16:58.398868,estk_f56bbcdde611f2b6f40801c5943c8d94,evt_f56bbcdde611f2b6,Jon Rahm,PGA,75.84,75.95,13,0.17,8.1200,8.0200,10.0900,6.9100
Northern Trust Test Market,2020-08-20T20:16:58.398872,estk_f56bbcdde611f2b66db374755563ce83,evt_f56bbcdde611f2b6,Bubba Watson,PGA,70.83,75.96,20,0.21,8.0200,5.6100,9.8300,6.7100
Northern Trust Test Market,2020-08-20T20:16:58.398884,estk_f56bbcdde611f2b68eb46850755a695e,evt_f56bbcdde611f2b6,Xander Schauffele,PGA,73.96,75.39,14,0.17,7.5900,7.0800,9.6400,6.3200
Northern Trust Test Market,2020-08-20T20:16:58.398918,estk_f56bbcdde611f2b6d84407620d2d9cf0,evt_f56bbcdde611f2b6,Tony Finau,PGA,71.23,70.55,10,0.15,4.5400,5.8000,5.9100,3.0800
Northern Trust Test Market,2020-08-20T20:26:59.018031,estk_f56bbcdde611f2b603fcb99bd098267b,evt_f56bbcdde611f2b6,Patrick Reed,PGA,75.5,77.17,13,0.15,9.1100,7.8800,10.2900,7.1400
Northern Trust Test Market,2020-08-20T20:26:59.018086,estk_f56bbcdde611f2b6d11048af6a9aa9e4,evt_f56bbcdde611f2b6,Bryson DeChambeau,PGA,74.79,74.57,11,0.15,6.9200,7.4700,8.4800,5.3300
Northern Trust Test Market,2020-08-20T20:26:59.018098,estk_f56bbcdde611f2b69cb9fc3fe55be3c0,evt_f56bbcdde611f2b6,Adam Scott,PGA,69.44,72.94,16,0.18,5.7900,5.0900,7.2900,4.6500
Northern Trust Test Market,2020-08-20T20:26:59.018102,estk_f56bbcdde611f2b6527c5abfc1093b26,evt_f56bbcdde611f2b6,Hideki Matsuyama,PGA,69.53,72.01,15,0.18,5.2900,5.0800,6.5300,3.6500
Northern Trust Test Market,2020-08-20T20:26:59.018115,estk_f56bbcdde611f2b6d84407620d2d9cf0,evt_f56bbcdde611f2b6,Tony Finau,PGA,71.23,70.12,11,0.17,4.2100,5.8000,5.9100,3.0800
Northern Trust Test Market,2020-08-20T20:36:59.501392,estk_f56bbcdde611f2b66db374755563ce83,evt_f56bbcdde611f2b6,Bubba Watson,PGA,70.83,77.25,22,0.22,8.9600,5.6100,10.6100,7.2800
Northern Trust Test Market,2020-08-20T20:36:59.501420,estk_f56bbcdde611f2b6f40801c5943c8d94,evt_f56bbcdde611f2b6,Jon Rahm,PGA,75.84,76.19,14,0.18,8.1400,8.0200,9.5100,6.9100
Northern Trust Test Market,2020-08-20T20:36:59.501432,estk_f56bbcdde611f2b68eb46850755a695e,evt_f56bbcdde611f2b6,Xander Schauffele,PGA,73.96,75.65,15,0.18,7.7600,7.0800,9.6400,6.3200
Northern Trust Test Market,2020-08-20T20:36:59.501436,estk_f56bbcdde611f2b603fcb99bd098267b,evt_f56bbcdde611f2b6,Patrick Reed,PGA,75.5,75.66,13,0.17,7.7000,7.8800,9.3800,6.0800
Northern Trust Test Market,2020-08-20T20:36:59.501451,estk_f56bbcdde611f2b69cb9fc3fe55be3c0,evt_f56bbcdde611f2b6,Adam Scott,PGA,69.44,74.25,18,0.19,6.7400,5.0900,8.2600,5.0600
Northern Trust Test Market,2020-08-20T20:36:59.501459,estk_f56bbcdde611f2b6d11048af6a9aa9e4,evt_f56bbcdde611f2b6,Bryson DeChambeau,PGA,74.79,73.08,11,0.17,5.9100,7.4700,7.5800,5.0900
Northern Trust Test Market,2020-08-20T20:46:59.951946,estk_f56bbcdde611f2b66db374755563ce83,evt_f56bbcdde611f2b6,Bubba Watson,PGA,70.83,76.83,23,0.24,8.5100,5.6100,10.1300,7.2800
Northern Trust Test Market,2020-08-20T20:46:59.952010,estk_f56bbcdde611f2b6527c5abfc1093b26,evt_f56bbcdde611f2b6,Hideki Matsuyama,PGA,69.53,72.32,16,0.19,5.4800,5.0800,6.8800,3.6900
Northern Trust Test Market,2020-08-20T20:46:59.952018,estk_f56bbcdde611f2b6d84407620d2d9cf0,evt_f56bbcdde611f2b6,Tony Finau,PGA,71.23,70.41,12,0.18,4.3700,5.8000,5.9100,3.0800
Northern Trust Test Market,2020-08-20T20:57:00.437582,estk_f56bbcdde611f2b6f40801c5943c8d94,evt_f56bbcdde611f2b6,Jon Rahm,PGA,75.84,76.43,15,0.19,8.3600,8.0200,9.6300,6.9100
Northern Trust Test Market,2020-08-20T20:57:00.437608,estk_f56bbcdde611f2b68eb46850755a695e,evt_f56bbcdde611f2b6,Xander Schauffele,PGA,73.96,75.91,16,0.19,7.8700,7.0800,9.6400,6.3200
Northern Trust Test Market,2020-08-20T20:57:00.437620,estk_f56bbcdde611f2b603fcb99bd098267b,evt_f56bbcdde611f2b6,Patrick Reed,PGA,75.5,74.91,13,0.18,7.2300,7.8800,8.8000,6.0800
Northern Trust Test Market,2020-08-20T20:57:00.437632,estk_f56bbcdde611f2b69cb9fc3fe55be3c0,evt_f56bbcdde611f2b6,Adam Scott,PGA,69.44,73.86,19,0.21,6.2800,5.0900,8.2600,5.1200
Northern Trust Test Market,2020-08-20T20:57:00.437636,estk_f56bbcdde611f2b6d11048af6a9aa9e4,evt_f56bbcdde611f2b6,Bryson DeChambeau,PGA,74.79,73.33,12,0.18,6.1500,7.4700,7.5800,5.0100
Northern Trust Test Market,2020-08-20T20:57:00.437640,estk_f56bbcdde611f2b6527c5abfc1093b26,evt_f56bbcdde611f2b6,Hideki Matsuyama,PGA,69.53,71.93,17,0.21,5.2200,5.0800,6.8800,3.6900
Northern Trust Test Market,2020-08-20T20:57:00.437649,estk_f56bbcdde611f2b6d84407620d2d9cf0,evt_f56bbcdde611f2b6,Tony Finau,PGA,71.23,70.7,13,0.19,4.6000,5.8000,5.9100,3.0800
Northern Trust Test Market,2020-08-20T21:07:00.863593,estk_f56bbcdde611f2b66db374755563ce83,evt_f56bbcdde611f2b6,Bubba Watson,PGA,70.83,77.12,24,0.25,8.7200,5.6100,10.1100,7.2800
Northern Trust Test Market,2020-08-20T21:07:00.863638,estk_f56bbcdde611f2b603fcb99bd098267b,evt_f56bbcdde611f2b6,Patrick Reed,PGA,75.5,75.16,14,0.19,7.4100,7.8800,8.8000,6.0800
Northern Trust Test Market,2020-08-20T21:17:01.351616,estk_f56bbcdde611f2b6f40801c5943c8d94,evt_f56bbcdde611f2b6,Jon Rahm,PGA,75.84,75.91,16,0.21,7.9000,8.0200,9.6000,6.9100
Northern Trust Test Market,2020-08-20T21:17:01.351621,estk_f56bbcdde611f2b68eb46850755a695e,evt_f56bbcdde611f2b6,Xander Schauffele,PGA,73.96,75.43,17,0.21,7.5300,7.0800,9.1400,6.3200
Northern Trust Test Market,2020-08-20T21:17:01.351637,estk_f56bbcdde611f2b69cb9fc3fe55be3c0,evt_f56bbcdde611f2b6,Adam Scott,PGA,69.44,75.16,21,0.22,7.2500,5.0900,8.9500,5.7000
Northern Trust Test Market,2020-08-20T21:17:01.351650,estk_f56bbcdde611f2b6d11048af6a9aa9e4,evt_f56bbcdde611f2b6,Bryson DeChambeau,PGA,74.79,73.58,13,0.19,6.2500,7.4700,7.5800,5.0100
Northern Trust Test Market,2020-08-20T21:17:01.351654,estk_f56bbcdde611f2b6527c5abfc1093b26,evt_f56bbcdde611f2b6,Hideki Matsuyama,PGA,69.53,72.23,18,0.22,5.3400,5.0800,6.8800,3.6900
Northern Trust Test Market,2020-08-20T21:17:01.351667,estk_f56bbcdde611f2b6d84407620d2d9cf0,evt_f56bbcdde611f2b6,Tony Finau,PGA,71.23,70.27,14,0.21,4.1900,5.8000,5.9100,3.0800
Northern Trust Test Market,2020-08-20T21:27:01.814435,estk_f56bbcdde611f2b6f40801c5943c8d94,evt_f56bbcdde611f2b6,Jon Rahm,PGA,75.84,76.16,17,0.22,8.1000,8.0200,9.4800,6.9100
Northern Trust Test Market,2020-08-20T21:27:01.814449,estk_f56bbcdde611f2b68eb46850755a695e,evt_f56bbcdde611f2b6,Xander Schauffele,PGA,73.96,75.69,18,0.22,7.7800,7.0800,9.1400,6.3200
Northern Trust Test Market,2020-08-20T21:27:01.814453,estk_f56bbcdde611f2b603fcb99bd098267b,evt_f56bbcdde611f2b6,Patrick Reed,PGA,75.5,75.65,16,0.21,7.6500,7.8800,9.3000,6.0800
Northern Trust Test Market,2020-08-20T21:27:01.814469,estk_f56bbcdde611f2b69cb9fc3fe55be3c0,evt_f56bbcdde611f2b6,Adam Scott,PGA,69.44,74.77,22,0.24,6.8900,5.0900,8.9500,5.7000
Northern Trust Test Market,2020-08-20T21:27:01.814478,estk_f56bbcdde611f2b6d11048af6a9aa9e4,evt_f56bbcdde611f2b6,Bryson DeChambeau,PGA,74.79,73.08,14,0.21,5.8900,7.4700,7.5800,5.0100
Northern Trust Test Market,2020-08-20T21:27:01.814486,estk_f56bbcdde611f2b6527c5abfc1093b26,evt_f56bbcdde611f2b6,Hideki Matsuyama,PGA,69.53,70.84,18,0.24,4.4700,5.0800,5.9300,3.1800
Northern Trust Test Market,2020-08-20T21:37:02.416282,estk_f56bbcdde611f2b603fcb99bd098267b,evt_f56bbcdde611f2b6,Patrick Reed,PGA,75.5,76.89,18,0.22,8.6400,7.8800,10.2700,6.9700
Northern Trust Test Market,2020-08-20T21:37:02.416328,estk_f56bbcdde611f2b68eb46850755a695e,evt_f56bbcdde611f2b6,Xander Schauffele,PGA,73.96,75.21,19,0.24,7.2200,7.0800,9.1400,6.3200
Northern Trust Test Market,2020-08-20T21:37:02.416332,estk_f56bbcdde611f2b69cb9fc3fe55be3c0,evt_f56bbcdde611f2b6,Adam Scott,PGA,69.44,75.08,23,0.25,7.1000,5.0900,8.9500,5.7000
Northern Trust Test Market,2020-08-20T21:37:02.416344,estk_f56bbcdde611f2b6d11048af6a9aa9e4,evt_f56bbcdde611f2b6,Bryson DeChambeau,PGA,74.79,73.34,15,0.22,5.9900,7.4700,7.5800,4.9200
Northern Trust Test Market,2020-08-20T21:37:02.416348,estk_f56bbcdde611f2b6d84407620d2d9cf0,evt_f56bbcdde611f2b6,Tony Finau,PGA,71.23,71.56,16,0.22,4.8500,5.8000,6.4300,3.0800
Northern Trust Test Market,2020-08-20T21:47:02.968672,estk_f56bbcdde611f2b6f40801c5943c8d94,evt_f56bbcdde611f2b6,Jon Rahm,PGA,75.84,75.64,18,0.24,7.6200,8.0200,9.4800,6.7200
Northern Trust Test Market,2020-08-20T21:47:02.968710,estk_f56bbcdde611f2b6d84407620d2d9cf0,evt_f56bbcdde611f2b6,Tony Finau,PGA,71.23,71.13,17,0.24,4.5800,5.8000,6.4300,3.0800
Northern Trust Test Market,2020-08-20T21:57:03.469353,estk_f56bbcdde611f2b68eb46850755a695e,evt_f56bbcdde611f2b6,Xander Schauffele,PGA,73.96,76.47,21,0.25,8.2800,7.0800,9.9400,6.7100
Northern Trust Test Market,2020-08-20T21:57:03.469358,estk_f56bbcdde611f2b603fcb99bd098267b,evt_f56bbcdde611f2b6,Patrick Reed,PGA,75.5,76.38,19,0.24,8.2300,7.8800,10.2700,6.9900
Northern Trust Test Market,2020-08-20T21:57:03.469398,estk_f56bbcdde611f2b6d11048af6a9aa9e4,evt_f56bbcdde611f2b6,Bryson DeChambeau,PGA,74.79,72.84,16,0.24,5.5100,7.4700,7.5800,4.6300
Northern Trust Test Market,2020-08-20T21:57:03.469410,estk_f56bbcdde611f2b6527c5abfc1093b26,evt_f56bbcdde611f2b6,Hideki Matsuyama,PGA,69.53,71.15,19,0.25,4.5500,5.0800,5.9300,3.1800
Northern Trust Test Market,2020-08-20T22:07:04.072255,estk_f56bbcdde611f2b6f40801c5943c8d94,evt_f56bbcdde611f2b6,Jon Rahm,PGA,75.84,76.88,20,0.25,8.4200,8.0200,10.2300,6.5500
Northern Trust Test Market,2020-08-20T22:07:04.072326,estk_f56bbcdde611f2b6d84407620d2d9cf0,evt_f56bbcdde611f2b6,Tony Finau,PGA,71.23,70.42,17,0.25,4.2000,5.8000,5.7300,3.0800
Northern Trust Test Market,2020-08-20T22:17:04.660232,estk_f56bbcdde611f2b603fcb99bd098267b,evt_f56bbcdde611f2b6,Patrick Reed,PGA,75.5,77.63,21,0.25,9.1700,7.8800,10.7000,7.4500
Northern Trust Test Market,2020-08-20T22:17:04.660299,estk_f56bbcdde611f2b6d11048af6a9aa9e4,evt_f56bbcdde611f2b6,Bryson DeChambeau,PGA,74.79,74.09,18,0.25,6.2800,7.4700,7.5800,4.6900
Northern Trust Test Market,2020-08-21T11:47:46.595540,estk_f56bbcdde611f2b66db374755563ce83,evt_f56bbcdde611f2b6,Bubba Watson,PGA,70.83,78.41,26,0.26,9.7100,5.6100,10.2400,7.2900
Northern Trust Test Market,2020-08-21T12:07:47.542100,estk_f56bbcdde611f2b66db374755563ce83,evt_f56bbcdde611f2b6,Bubba Watson,PGA,70.83,79,28,0.28,10.3000,5.6100,11.4000,8.1900
Northern Trust Test Market,2020-08-21T12:17:48.033670,estk_f56bbcdde611f2b66db374755563ce83,evt_f56bbcdde611f2b6,Bubba Watson,PGA,70.83,79.29,29,0.29,10.5500,5.6100,12.0100,8.1900
Northern Trust Test Market,2020-08-21T12:17:48.033776,estk_f56bbcdde611f2b6527c5abfc1093b26,evt_f56bbcdde611f2b6,Hideki Matsuyama,PGA,69.53,70.45,19,0.26,4.0600,5.0800,5.9300,3.1800
Northern Trust Test Market,2020-08-21T12:27:48.539284,estk_f56bbcdde611f2b69cb9fc3fe55be3c0,evt_f56bbcdde611f2b6,Adam Scott,PGA,69.44,74.39,23,0.26,6.4300,5.0900,8.5000,5.5100
Northern Trust Test Market,2020-08-21T12:37:48.922984,estk_f56bbcdde611f2b66db374755563ce83,evt_f56bbcdde611f2b6,Bubba Watson,PGA,70.83,78.87,30,0.31,10.1000,5.6100,12.0100,8.8300
Northern Trust Test Market,2020-08-21T12:37:48.923022,estk_f56bbcdde611f2b6f40801c5943c8d94,evt_f56bbcdde611f2b6,Jon Rahm,PGA,75.84,77.12,21,0.26,8.6700,8.0200,10.2300,6.8600
Northern Trust Test Market,2020-08-21T12:37:48.923055,estk_f56bbcdde611f2b68eb46850755a695e,evt_f56bbcdde611f2b6,Xander Schauffele,PGA,73.96,75.73,21,0.26,7.4700,7.0800,9.5500,6.5000
Northern Trust Test Market,2020-08-21T12:37:48.923093,estk_f56bbcdde611f2b6527c5abfc1093b26,evt_f56bbcdde611f2b6,Hideki Matsuyama,PGA,69.53,70.06,20,0.28,3.7600,5.0800,5.5100,2.9700
Northern Trust Test Market,2020-08-21T12:47:49.501590,estk_f56bbcdde611f2b603fcb99bd098267b,evt_f56bbcdde611f2b6,Patrick Reed,PGA,75.5,77.87,22,0.26,9.2000,7.8800,10.7000,7.5400
Northern Trust Test Market,2020-08-21T12:47:49.501595,estk_f56bbcdde611f2b6f40801c5943c8d94,evt_f56bbcdde611f2b6,Jon Rahm,PGA,75.84,77.6,23,0.28,9.0000,8.0200,10.2300,6.8600
Northern Trust Test Market,2020-08-21T12:47:49.501637,estk_f56bbcdde611f2b68eb46850755a695e,evt_f56bbcdde611f2b6,Xander Schauffele,PGA,73.96,75.25,22,0.28,6.9900,7.0800,9.1200,6.4000
Northern Trust Test Market,2020-08-21T12:47:49.501641,estk_f56bbcdde611f2b69cb9fc3fe55be3c0,evt_f56bbcdde611f2b6,Adam Scott,PGA,69.44,75,25,0.28,6.7900,5.0900,8.0600,5.5100
Northern Trust Test Market,2020-08-21T12:47:49.501649,estk_f56bbcdde611f2b6d11048af6a9aa9e4,evt_f56bbcdde611f2b6,Bryson DeChambeau,PGA,74.79,74.34,19,0.26,6.4800,7.4700,7.9100,4.8500
Northern Trust Test Market,2020-08-21T12:47:49.501662,estk_f56bbcdde611f2b6d84407620d2d9cf0,evt_f56bbcdde611f2b6,Tony Finau,PGA,71.23,70.71,18,0.26,4.1500,5.8000,5.7300,3.0800
Northern Trust Test Market,2020-08-21T12:57:49.941141,estk_f56bbcdde611f2b66db374755563ce83,evt_f56bbcdde611f2b6,Bubba Watson,PGA,70.83,79.16,31,0.32,10.0900,5.6100,12.0100,8.8300
Northern Trust Test Market,2020-08-21T12:57:49.941176,estk_f56bbcdde611f2b603fcb99bd098267b,evt_f56bbcdde611f2b6,Patrick Reed,PGA,75.5,77.36,23,0.28,9.1000,7.8800,10.7000,7.5400
Northern Trust Test Market,2020-08-21T12:57:49.941224,estk_f56bbcdde611f2b69cb9fc3fe55be3c0,evt_f56bbcdde611f2b6,Adam Scott,PGA,69.44,75.3,26,0.29,6.8400,5.0900,8.0600,5.5100
Northern Trust Test Market,2020-08-21T12:57:49.941232,estk_f56bbcdde611f2b6d11048af6a9aa9e4,evt_f56bbcdde611f2b6,Bryson DeChambeau,PGA,74.79,72.85,19,0.28,6.4000,7.4700,7.9100,4.8500
Northern Trust Test Market,2020-08-21T12:57:49.941252,estk_f56bbcdde611f2b6527c5abfc1093b26,evt_f56bbcdde611f2b6,Hideki Matsuyama,PGA,69.53,69.37,20,0.29,3.8700,5.0800,5.3400,2.9100
Northern Trust Test Market,2020-08-21T13:07:50.471717,estk_f56bbcdde611f2b66db374755563ce83,evt_f56bbcdde611f2b6,Bubba Watson,PGA,70.83,78.46,31,0.33,10.5000,5.6100,12.0100,8.8300
Northern Trust Test Market,2020-08-21T13:07:50.471751,estk_f56bbcdde611f2b6f40801c5943c8d94,evt_f56bbcdde611f2b6,Jon Rahm,PGA,75.84,76.85,23,0.29,9.0000,8.0200,10.8100,7.3800
Northern Trust Test Market,2020-08-21T13:07:50.471797,estk_f56bbcdde611f2b68eb46850755a695e,evt_f56bbcdde611f2b6,Xander Schauffele,PGA,73.96,75.51,23,0.29,7.1600,7.0800,8.5700,5.8200
Northern Trust Test Market,2020-08-21T13:07:50.471820,estk_f56bbcdde611f2b6d84407620d2d9cf0,evt_f56bbcdde611f2b6,Tony Finau,PGA,71.23,71.29,20,0.28,4.2100,5.8000,5.7300,3.0800
Northern Trust Test Market,2020-08-21T13:17:51.035291,estk_f56bbcdde611f2b603fcb99bd098267b,evt_f56bbcdde611f2b6,Patrick Reed,PGA,75.5,77.6,24,0.29,8.8300,7.8800,10.7000,7.5400
Northern Trust Test Market,2020-08-21T13:17:51.035330,estk_f56bbcdde611f2b68eb46850755a695e,evt_f56bbcdde611f2b6,Xander Schauffele,PGA,73.96,75.03,24,0.31,7.4300,7.0800,8.5700,5.8200
Northern Trust Test Market,2020-08-21T13:17:51.035342,estk_f56bbcdde611f2b69cb9fc3fe55be3c0,evt_f56bbcdde611f2b6,Adam Scott,PGA,69.44,73.91,26,0.31,7.2000,5.0900,8.5000,5.5100
Northern Trust Test Market,2020-08-21T13:17:51.035354,estk_f56bbcdde611f2b6d11048af6a9aa9e4,evt_f56bbcdde611f2b6,Bryson DeChambeau,PGA,74.79,73.1,20,0.29,5.4600,7.4700,6.9500,4.4000
Northern Trust Test Market,2020-08-21T13:17:51.035362,estk_f56bbcdde611f2b6d84407620d2d9cf0,evt_f56bbcdde611f2b6,Tony Finau,PGA,71.23,70.57,20,0.29,4.5200,5.8000,5.7300,3.0800
Northern Trust Test Market,2020-08-21T13:17:51.035370,estk_f56bbcdde611f2b6527c5abfc1093b26,evt_f56bbcdde611f2b6,Hideki Matsuyama,PGA,69.53,68.98,21,0.31,3.5700,5.0800,5.0000,2.4900
Northern Trust Test Market,2020-08-21T13:27:51.486908,estk_f56bbcdde611f2b6f40801c5943c8d94,evt_f56bbcdde611f2b6,Jon Rahm,PGA,75.84,76.33,24,0.31,8.5400,8.0200,10.0300,7.3800
Northern Trust Test Market,2020-08-21T13:27:51.486954,estk_f56bbcdde611f2b69cb9fc3fe55be3c0,evt_f56bbcdde611f2b6,Adam Scott,PGA,69.44,75.22,28,0.32,6.1500,5.0900,7.7300,5.1700
Northern Trust Test Market,2020-08-21T13:37:51.924943,estk_f56bbcdde611f2b66db374755563ce83,evt_f56bbcdde611f2b6,Bubba Watson,PGA,70.83,79.33,34,0.36,9.7400,5.6100,11.4700,8.7200
Northern Trust Test Market,2020-08-21T13:37:51.924950,estk_f56bbcdde611f2b603fcb99bd098267b,evt_f56bbcdde611f2b6,Patrick Reed,PGA,75.5,75.09,23,0.31,9.0600,7.8800,10.7000,7.5400
Northern Trust Test Market,2020-08-21T13:37:51.924976,estk_f56bbcdde611f2b6f40801c5943c8d94,evt_f56bbcdde611f2b6,Jon Rahm,PGA,75.84,76.57,25,0.32,8.0700,8.0200,9.5800,6.8600
Northern Trust Test Market,2020-08-21T13:37:51.924999,estk_f56bbcdde611f2b68eb46850755a695e,evt_f56bbcdde611f2b6,Xander Schauffele,PGA,73.96,75.29,25,0.32,6.9900,7.0800,8.5200,5.8200
Northern Trust Test Market,2020-08-21T13:37:51.925010,estk_f56bbcdde611f2b6d11048af6a9aa9e4,evt_f56bbcdde611f2b6,Bryson DeChambeau,PGA,74.79,72.61,21,0.31,5.6000,7.4700,6.9500,4.4000
Northern Trust Test Market,2020-08-21T13:37:51.925022,estk_f56bbcdde611f2b6d84407620d2d9cf0,evt_f56bbcdde611f2b6,Tony Finau,PGA,71.23,70.15,21,0.31,4.0800,5.8000,5.7300,3.0800
Northern Trust Test Market,2020-08-21T13:37:51.925026,estk_f56bbcdde611f2b6527c5abfc1093b26,evt_f56bbcdde611f2b6,Hideki Matsuyama,PGA,69.53,70.28,23,0.32,3.3500,5.0800,5.0000,2.1800
Northern Trust Test Market,2020-08-21T13:47:52.477734,estk_f56bbcdde611f2b69cb9fc3fe55be3c0,evt_f56bbcdde611f2b6,Adam Scott,PGA,69.44,76.52,30,0.33,7.1400,5.0900,8.6800,5.4800
Northern Trust Test Market,2020-08-21T13:47:52.477770,estk_f56bbcdde611f2b6527c5abfc1093b26,evt_f56bbcdde611f2b6,Hideki Matsuyama,PGA,69.53,70.59,24,0.33,3.8600,5.0800,5.3400,2.3600
Northern Trust Test Market,2020-08-21T13:57:53.013899,estk_f56bbcdde611f2b66db374755563ce83,evt_f56bbcdde611f2b6,Bubba Watson,PGA,70.83,77.91,34,0.38,10.7200,5.6100,12.4400,9.1800
Northern Trust Test Market,2020-08-21T13:57:53.013949,estk_f56bbcdde611f2b6f40801c5943c8d94,evt_f56bbcdde611f2b6,Jon Rahm,PGA,75.84,77.3,28,0.35,8.2800,8.0200,9.5800,6.8600
Northern Trust Test Market,2020-08-21T13:57:53.013981,estk_f56bbcdde611f2b68eb46850755a695e,evt_f56bbcdde611f2b6,Xander Schauffele,PGA,73.96,75.55,26,0.33,7.1800,7.0800,8.5200,5.8200
Northern Trust Test Market,2020-08-21T13:57:53.013985,estk_f56bbcdde611f2b603fcb99bd098267b,evt_f56bbcdde611f2b6,Patrick Reed,PGA,75.5,74.34,23,0.32,7.0400,7.8800,8.6600,5.4200
Northern Trust Test Market,2020-08-21T13:57:53.013997,estk_f56bbcdde611f2b6d11048af6a9aa9e4,evt_f56bbcdde611f2b6,Bryson DeChambeau,PGA,74.79,72.86,22,0.32,5.2000,7.4700,6.9500,4.0200
Northern Trust Test Market,2020-08-21T13:57:53.014010,estk_f56bbcdde611f2b6527c5abfc1093b26,evt_f56bbcdde611f2b6,Hideki Matsuyama,PGA,69.53,70.19,25,0.35,3.9800,5.0800,5.3400,2.4700
Northern Trust Test Market,2020-08-21T13:57:53.014014,estk_f56bbcdde611f2b6d84407620d2d9cf0,evt_f56bbcdde611f2b6,Tony Finau,PGA,71.23,70.44,22,0.32,3.8700,5.8000,5.7300,2.9300
Northern Trust Test Market,2020-08-21T14:07:53.514542,estk_f56bbcdde611f2b66db374755563ce83,evt_f56bbcdde611f2b6,Bubba Watson,PGA,70.83,79.21,36,0.39,9.2400,5.6100,10.9600,7.7400
Northern Trust Test Market,2020-08-21T14:07:53.514579,estk_f56bbcdde611f2b69cb9fc3fe55be3c0,evt_f56bbcdde611f2b6,Adam Scott,PGA,69.44,76.14,31,0.35,8.1000,5.0900,9.7500,6.6300
Northern Trust Test Market,2020-08-21T14:07:53.514595,estk_f56bbcdde611f2b68eb46850755a695e,evt_f56bbcdde611f2b6,Xander Schauffele,PGA,73.96,75.07,27,0.35,7.2800,7.0800,8.5200,5.6900
Northern Trust Test Market,2020-08-21T14:07:53.514607,estk_f56bbcdde611f2b603fcb99bd098267b,evt_f56bbcdde611f2b6,Patrick Reed,PGA,75.5,74.58,24,0.33,6.4800,7.8800,8.0100,5.4200
Northern Trust Test Market,2020-08-21T14:07:53.514611,estk_f56bbcdde611f2b6d11048af6a9aa9e4,evt_f56bbcdde611f2b6,Bryson DeChambeau,PGA,74.79,74.11,24,0.33,5.3800,7.4700,6.9500,4.0200
Northern Trust Test Market,2020-08-21T14:07:53.514623,estk_f56bbcdde611f2b6d84407620d2d9cf0,evt_f56bbcdde611f2b6,Tony Finau,PGA,71.23,70.72,23,0.33,4.0200,5.8000,5.7300,2.9300
Northern Trust Test Market,2020-08-21T14:07:53.514627,estk_f56bbcdde611f2b6527c5abfc1093b26,evt_f56bbcdde611f2b6,Hideki Matsuyama,PGA,69.53,71.5,27,0.36,3.7800,5.0800,5.3400,2.4700
Northern Trust Test Market,2020-08-21T14:17:54.146246,estk_f56bbcdde611f2b6f40801c5943c8d94,evt_f56bbcdde611f2b6,Jon Rahm,PGA,75.84,77.54,29,0.36,8.6300,8.0200,10.4500,7.6700
Northern Trust Test Market,2020-08-21T14:17:54.146279,estk_f56bbcdde611f2b69cb9fc3fe55be3c0,evt_f56bbcdde611f2b6,Adam Scott,PGA,69.44,76.44,32,0.36,7.6800,5.0900,9.3600,6.5300
Northern Trust Test Market,2020-08-21T14:17:54.146292,estk_f56bbcdde611f2b68eb46850755a695e,evt_f56bbcdde611f2b6,Xander Schauffele,PGA,73.96,75.33,28,0.36,6.8500,7.0800,8.5100,5.6900
Northern Trust Test Market,2020-08-21T14:17:54.146300,estk_f56bbcdde611f2b603fcb99bd098267b,evt_f56bbcdde611f2b6,Patrick Reed,PGA,75.5,74.08,25,0.35,6.4600,7.8800,8.0100,5.4200
Northern Trust Test Market,2020-08-21T14:17:54.146308,estk_f56bbcdde611f2b6d11048af6a9aa9e4,evt_f56bbcdde611f2b6,Bryson DeChambeau,PGA,74.79,72.61,24,0.35,6.1600,7.7700,7.7300,4.5500
Northern Trust Test Market,2020-08-21T14:37:55.231932,estk_f56bbcdde611f2b66db374755563ce83,evt_f56bbcdde611f2b6,Bubba Watson,PGA,70.83,79.5,37,0.4,10.8000,5.6100,12.1400,8.8400
Northern Trust Test Market,2020-08-21T14:37:55.232034,estk_f56bbcdde611f2b6527c5abfc1093b26,evt_f56bbcdde611f2b6,Hideki Matsuyama,PGA,69.53,72.11,29,0.38,4.7000,5.0800,5.9600,2.7800
Northern Trust Test Market,2020-08-21T14:47:55.746983,estk_f56bbcdde611f2b66db374755563ce83,evt_f56bbcdde611f2b6,Bubba Watson,PGA,70.83,79.08,38,0.42,10.5000,5.6100,12.1400,8.8400
Northern Trust Test Market,2020-08-21T14:47:55.747031,estk_f56bbcdde611f2b6f40801c5943c8d94,evt_f56bbcdde611f2b6,Jon Rahm,PGA,75.84,77.02,30,0.38,8.3700,8.0200,10.0500,7.3100
Northern Trust Test Market,2020-08-21T14:47:55.747052,estk_f56bbcdde611f2b69cb9fc3fe55be3c0,evt_f56bbcdde611f2b6,Adam Scott,PGA,69.44,76.05,33,0.38,7.6600,5.0900,9.1800,6.5300
Northern Trust Test Market,2020-08-21T14:47:55.747064,estk_f56bbcdde611f2b68eb46850755a695e,evt_f56bbcdde611f2b6,Xander Schauffele,PGA,73.96,75.86,30,0.38,7.3800,7.0800,8.6600,5.7900
Northern Trust Test Market,2020-08-21T14:47:55.747067,estk_f56bbcdde611f2b603fcb99bd098267b,evt_f56bbcdde611f2b6,Patrick Reed,PGA,75.5,75.32,27,0.36,7.1100,7.8800,8.6600,5.3700
Northern Trust Test Market,2020-08-21T14:47:55.747087,estk_f56bbcdde611f2b6d11048af6a9aa9e4,evt_f56bbcdde611f2b6,Bryson DeChambeau,PGA,74.79,71.87,24,0.36,4.5300,7.7700,6.1000,3.5300
Northern Trust Test Market,2020-08-21T14:47:55.747094,estk_f56bbcdde611f2b6d84407620d2d9cf0,evt_f56bbcdde611f2b6,Tony Finau,PGA,71.23,70.3,24,0.35,3.7900,5.8000,5.7300,2.9000
Northern Trust Test Market,2020-08-21T14:57:56.237743,estk_f56bbcdde611f2b69cb9fc3fe55be3c0,evt_f56bbcdde611f2b6,Adam Scott,PGA,69.44,76.36,34,0.39,7.7600,5.0900,9.1800,6.5300
Northern Trust Test Market,2020-08-21T14:57:56.237778,estk_f56bbcdde611f2b6527c5abfc1093b26,evt_f56bbcdde611f2b6,Hideki Matsuyama,PGA,69.53,71.41,29,0.39,4.2500,5.0800,5.9600,2.7800
Northern Trust Test Market,2020-08-21T14:57:56.237786,estk_f56bbcdde611f2b6d84407620d2d9cf0,evt_f56bbcdde611f2b6,Tony Finau,PGA,71.23,70.59,25,0.36,3.8800,5.8000,5.7300,2.9000
Northern Trust Test Market,2020-08-21T15:07:56.649693,estk_f56bbcdde611f2b66db374755563ce83,evt_f56bbcdde611f2b6,Bubba Watson,PGA,70.83,79.37,39,0.43,10.6300,5.6100,12.1400,8.8400
Northern Trust Test Market,2020-08-21T15:07:56.649731,estk_f56bbcdde611f2b6f40801c5943c8d94,evt_f56bbcdde611f2b6,Jon Rahm,PGA,75.84,77.26,31,0.39,8.6400,8.0200,10.0500,7.3100
Northern Trust Test Market,2020-08-21T15:07:56.649769,estk_f56bbcdde611f2b68eb46850755a695e,evt_f56bbcdde611f2b6,Xander Schauffele,PGA,73.96,76.12,31,0.39,7.6500,7.0800,8.9900,5.7900
Northern Trust Test Market,2020-08-21T15:07:56.649777,estk_f56bbcdde611f2b603fcb99bd098267b,evt_f56bbcdde611f2b6,Patrick Reed,PGA,75.5,75.81,29,0.38,7.3200,7.8800,8.6600,5.3700
Northern Trust Test Market,2020-08-21T15:07:56.649796,estk_f56bbcdde611f2b6d11048af6a9aa9e4,evt_f56bbcdde611f2b6,Bryson DeChambeau,PGA,74.79,71.37,25,0.38,4.2600,7.7700,6.1000,3.0300
Northern Trust Test Market,2020-08-21T15:17:57.161171,estk_f56bbcdde611f2b66db374755563ce83,evt_f56bbcdde611f2b6,Bubba Watson,PGA,70.83,79.66,40,0.44,10.9300,5.6100,12.1400,9.1500
Northern Trust Test Market,2020-08-21T15:17:57.161219,estk_f56bbcdde611f2b603fcb99bd098267b,evt_f56bbcdde611f2b6,Patrick Reed,PGA,75.5,77.06,31,0.39,8.3100,7.8800,10.0000,6.6800
