name,time,id,event_id,stock_name,sector,fantasy_points_projected,fantasy_points_projected_live,fantasy_points_scored,amount_completed,estimated_price,last_price,ask_price,bid_price
$2K Wyndham Championship,2020-08-11T21:05:27.775960,estk_0faf42f669e2a6f3503f60443b3bd112,evt_0faf42f669e2a6f3,Webb Simpson,PGA,79.15,,,,13.7100,,,
$2K Wyndham Championship,2020-08-11T21:05:27.775990,estk_0faf42f669e2a6f303fcb99bd098267b,evt_0faf42f669e2a6f3,Patrick Reed,PGA,78.09,,,,12.8900,1.0200,,
$2K Wyndham Championship,2020-08-11T21:05:27.775995,estk_0faf42f669e2a6f330ccd165c4aa611d,evt_0faf42f669e2a6f3,Brooks Koepka,PGA,76.15,,,,11.4600,1.0100,,
$2K Wyndham Championship,2020-08-11T21:05:27.776000,estk_0faf42f669e2a6f3db5881f101cec470,evt_0faf42f669e2a6f3,Justin Rose,PGA,74.58,,,,10.3600,1.0200,,
$2K Wyndham Championship,2020-08-11T21:05:27.776004,estk_0faf42f669e2a6f3e64a0e6fb2b31683,evt_0faf42f669e2a6f3,Rafa Cabrera Bello,PGA,71.6,,,,8.3800,,,
$2K Wyndham Championship,2020-08-11T21:05:27.776008,estk_0faf42f669e2a6f36cf2ca706ee5c6ba,evt_0faf42f669e2a6f3,Zach Johnson,PGA,70.96,,,,7.9300,1.0100,,
$2K Wyndham Championship,2020-08-11T21:05:27.776012,estk_0faf42f669e2a6f3a251d6b9cc0a07e5,evt_0faf42f669e2a6f3,Sungjae Im,PGA,70.86,,,,7.9100,,,
$2K Wyndham Championship,2020-08-11T21:05:27.776016,estk_0faf42f669e2a6f35e6a5c337da2b39d,evt_0faf42f669e2a6f3,Matthias Schwab,PGA,70.52,,,,7.6900,,,
$2K Wyndham Championship,2020-08-11T21:05:27.776019,estk_0faf42f669e2a6f3694b41dae4b8654f,evt_0faf42f669e2a6f3,Lucas Glover,PGA,70.44,,,,7.6800,1.0100,,
$2K Wyndham Championship,2020-08-11T21:05:27.776023,estk_0faf42f669e2a6f3dda748b4200f22bf,evt_0faf42f669e2a6f3,Paul Casey,PGA,70.47,,,,7.6700,1.0100,,
$2K Wyndham Championship,2020-08-11T21:05:27.776027,estk_0faf42f669e2a6f3170130e9fa731e23,evt_0faf42f669e2a6f3,Jason Kokrak,PGA,69.7,,,,7.2400,1.0100,,
$2K Wyndham Championship,2020-08-11T21:05:27.776031,estk_0faf42f669e2a6f32ab98d8a9a770fd5,evt_0faf42f669e2a6f3,Jordan Spieth,PGA,69.68,,,,7.2300,1.0100,,
$2K Wyndham Championship,2020-08-11T21:05:27.776034,estk_0faf42f669e2a6f356ab6ba90ba02e56,evt_0faf42f669e2a6f3,Joaquin Niemann,PGA,69.43,,,,7.0800,1.0100,,
$2K Wyndham Championship,2020-08-11T21:05:27.776038,estk_0faf42f669e2a6f391386b499e2742a4,evt_0faf42f669e2a6f3,Ryan Moore,PGA,68.9,,,,6.7500,,,
$2K Wyndham Championship,2020-08-11T21:05:27.776042,estk_0faf42f669e2a6f31fc545ba8ac8cb0b,evt_0faf42f669e2a6f3,Rory Sabbatini,PGA,68.41,,,,6.5500,1.0100,,
$2K Wyndham Championship,2020-08-11T21:05:27.776046,estk_0faf42f669e2a6f34e5af02280177635,evt_0faf42f669e2a6f3,Si Woo Kim,PGA,68.37,,,,6.5100,1.0200,,
$2K Wyndham Championship,2020-08-11T21:05:27.776050,estk_0faf42f669e2a6f3d8f0d69f88d3691a,evt_0faf42f669e2a6f3,Doc Redman,PGA,68.27,,,,6.4300,1.0100,,
$2K Wyndham Championship,2020-08-11T21:05:27.776054,estk_0faf42f669e2a6f34c6653517cec92a3,evt_0faf42f669e2a6f3,Russell Knox,PGA,68.26,,,,6.4100,,,
$2K Wyndham Championship,2020-08-11T21:05:27.776057,estk_0faf42f669e2a6f3727afcd55bf28e15,evt_0faf42f669e2a6f3,Brandt Snedeker,PGA,68.02,,,,6.3100,1.0200,,
$2K Wyndham Championship,2020-08-11T21:05:27.776061,estk_0faf42f669e2a6f31ca8635140548cc5,evt_0faf42f669e2a6f3,Harris English,PGA,67.04,,,,5.7700,1.0100,,
$2K Wyndham Championship,2020-08-11T21:05:27.776064,estk_0faf42f669e2a6f3e71bc53e996275e5,evt_0faf42f669e2a6f3,Brian Gay,PGA,66.9,,,,5.7600,1.0000,,
$2K Wyndham Championship,2020-08-11T21:05:27.776068,estk_0faf42f669e2a6f3938149290ef83c69,evt_0faf42f669e2a6f3,Cameron Percy,PGA,66.88,,,,5.7200,1.0100,,
$2K Wyndham Championship,2020-08-11T21:05:27.776071,estk_0faf42f669e2a6f399495eb9a3c8aa25,evt_0faf42f669e2a6f3,Kevin Kisner,PGA,66.1,,,,5.3700,1.0100,,
$2K Wyndham Championship,2020-08-11T21:05:27.776075,estk_0faf42f669e2a6f31ce4da0ea7a969fb,evt_0faf42f669e2a6f3,Kevin Tway,PGA,66.02,,,,5.3100,1.0100,,
$2K Wyndham Championship,2020-08-11T21:05:27.776078,estk_0faf42f669e2a6f3f0b722aa359b7f95,evt_0faf42f669e2a6f3,Scott Piercy,PGA,65.93,,,,5.3000,1.0000,,
$2K Wyndham Championship,2020-08-11T21:05:27.776082,estk_0faf42f669e2a6f33544479351e1ff63,evt_0faf42f669e2a6f3,Billy Horschel,PGA,66.02,,,,5.2900,1.0000,,
$2K Wyndham Championship,2020-08-11T21:05:27.776086,estk_0faf42f669e2a6f3467812ddab873919,evt_0faf42f669e2a6f3,J.T. Poston,PGA,65.95,,,,5.2400,,,
$2K Wyndham Championship,2020-08-11T21:05:27.776090,estk_0faf42f669e2a6f3017972156cc3fd8e,evt_0faf42f669e2a6f3,Stewart Cink,PGA,65.69,,,,5.1500,,,
$2K Wyndham Championship,2020-08-11T21:05:27.776094,estk_0faf42f669e2a6f3f9b7e49ec070a617,evt_0faf42f669e2a6f3,Chesson Hadley,PGA,65.59,,,,5.1200,1.0100,,
$2K Wyndham Championship,2020-08-11T21:05:27.776097,estk_0faf42f669e2a6f3bdc437a37a2c4345,evt_0faf42f669e2a6f3,Patrick Rodgers,PGA,65.45,,,,5.1000,1.0100,,
$2K Wyndham Championship,2020-08-11T21:05:27.776101,estk_0faf42f669e2a6f33669473c95ba1329,evt_0faf42f669e2a6f3,C.T. Pan,PGA,65.55,,,,5.0700,1.0100,,
$2K Wyndham Championship,2020-08-11T21:05:27.776105,estk_0faf42f669e2a6f337a8104a8070199b,evt_0faf42f669e2a6f3,Ryan Armour,PGA,65.44,,,,5.0400,1.0100,,
$2K Wyndham Championship,2020-08-11T21:05:27.776108,estk_0faf42f669e2a6f38b9d725b59bb9f58,evt_0faf42f669e2a6f3,Kyle Stanley,PGA,65.3,,,,5.0100,1.0100,,
$2K Wyndham Championship,2020-08-11T21:05:27.776112,estk_0faf42f669e2a6f3a5e32548021abe19,evt_0faf42f669e2a6f3,Chez Reavie,PGA,65.24,,,,4.9500,1.0100,,
$2K Wyndham Championship,2020-08-11T21:05:27.776119,estk_0faf42f669e2a6f3f8ddff16f2dbed28,evt_0faf42f669e2a6f3,Corey Conners,PGA,65.07,,,,4.8700,1.0100,,
$2K Wyndham Championship,2020-08-11T21:05:27.776123,estk_0faf42f669e2a6f31e0083f260619709,evt_0faf42f669e2a6f3,Sebastian Munoz,PGA,65.05,,,,4.8700,,,
$2K Wyndham Championship,2020-08-11T21:05:27.776128,estk_0faf42f669e2a6f3e3957215e84f7eab,evt_0faf42f669e2a6f3,Charles Howell III,PGA,64.72,,,,4.7400,1.0000,,
$2K Wyndham Championship,2020-08-11T21:05:27.776132,estk_0faf42f669e2a6f33a3fd2efe45d4190,evt_0faf42f669e2a6f3,Harold Varner III,PGA,64.62,,,,4.6800,1.0100,,
$2K Wyndham Championship,2020-08-11T21:05:27.776135,estk_0faf42f669e2a6f33f67e338f06084d7,evt_0faf42f669e2a6f3,Troy Merritt,PGA,64.31,,,,4.5900,,,
$2K Wyndham Championship,2020-08-11T21:05:27.776139,estk_0faf42f669e2a6f328faa014509b0dcf,evt_0faf42f669e2a6f3,Anirban Lahiri,PGA,64.12,,,,4.4600,1.0100,,
$2K Wyndham Championship,2020-08-11T21:05:27.776142,estk_0faf42f669e2a6f34fd2025821f57a83,evt_0faf42f669e2a6f3,Brendon Todd,PGA,64.1,,,,4.4500,1.0100,,
$2K Wyndham Championship,2020-08-11T21:05:27.776146,estk_0faf42f669e2a6f38438cb80bd2eda1c,evt_0faf42f669e2a6f3,Sam Ryder,PGA,63.79,,,,4.3800,1.0100,,
$2K Wyndham Championship,2020-08-11T21:05:27.776149,estk_0faf42f669e2a6f319a50940b25d55c7,evt_0faf42f669e2a6f3,Will Gordon,PGA,63.8,,,,4.3600,1.0100,,
$2K Wyndham Championship,2020-08-11T21:05:27.776153,estk_0faf42f669e2a6f31d4f740cf9f348cc,evt_0faf42f669e2a6f3,Wyndham Clark,PGA,63.78,,,,4.3600,1.0100,,
$2K Wyndham Championship,2020-08-11T21:05:27.776156,estk_0faf42f669e2a6f3499f65e84c5a381b,evt_0faf42f669e2a6f3,Jim Furyk,PGA,63.77,,,,4.3500,1.0100,,
$2K Wyndham Championship,2020-08-11T21:05:27.776160,estk_0faf42f669e2a6f333cbfa0bc2c99848,evt_0faf42f669e2a6f3,Charley Hoffman,PGA,63.29,,,,4.1600,1.0000,,
$2K Wyndham Championship,2020-08-11T21:05:27.776163,estk_0faf42f669e2a6f3d3db04808a1c74b0,evt_0faf42f669e2a6f3,Jhonattan Vegas,PGA,63.3,,,,4.1400,1.0100,,
$2K Wyndham Championship,2020-08-11T21:05:27.776167,estk_0faf42f669e2a6f32417e84cbbd5324d,evt_0faf42f669e2a6f3,Luke List,PGA,63.1,,,,4.1000,1.0000,,
$2K Wyndham Championship,2020-08-11T21:05:27.776171,estk_0faf42f669e2a6f3800e5acffcb2c354,evt_0faf42f669e2a6f3,Bud Cauley,PGA,63.06,,,,4.0700,1.0100,,
$2K Wyndham Championship,2020-08-11T21:05:27.776174,estk_0faf42f669e2a6f38c0c59e9f95a36fc,evt_0faf42f669e2a6f3,Graeme McDowell,PGA,63.04,,,,4.0700,1.0100,,
$2K Wyndham Championship,2020-08-11T21:05:27.776178,estk_0faf42f669e2a6f3f231f387a64bda8c,evt_0faf42f669e2a6f3,Branden Grace,PGA,62.95,,,,4.0400,1.0000,,
$2K Wyndham Championship,2020-08-11T21:05:27.776181,estk_0faf42f669e2a6f3d6797fef070c38d6,evt_0faf42f669e2a6f3,Brice Garnett,PGA,62.7,,,,3.9400,1.0100,,
$2K Wyndham Championship,2020-08-11T21:05:27.776185,estk_0faf42f669e2a6f399179e01f2c29013,evt_0faf42f669e2a6f3,Aaron Wise,PGA,62.66,,,,3.9400,1.0100,,
$2K Wyndham Championship,2020-08-11T21:05:27.776188,estk_0faf42f669e2a6f3a469dfc58a110587,evt_0faf42f669e2a6f3,Brian Harman,PGA,62.74,,,,3.9300,1.0100,,
$2K Wyndham Championship,2020-08-11T21:05:27.776192,estk_0faf42f669e2a6f34be0d7fc77429fae,evt_0faf42f669e2a6f3,Sepp Straka,PGA,62.54,,,,3.8900,1.0100,,
$2K Wyndham Championship,2020-08-11T21:05:27.776195,estk_0faf42f669e2a6f3dc45886d5b7d7c1b,evt_0faf42f669e2a6f3,Russell Henley,PGA,62.48,,,,3.8600,1.0000,,
$2K Wyndham Championship,2020-08-11T21:05:27.776199,estk_0faf42f669e2a6f3382b1670443dcf6e,evt_0faf42f669e2a6f3,Keith Mitchell,PGA,62.05,,,,3.7200,1.0100,,
$2K Wyndham Championship,2020-08-11T21:05:27.776202,estk_0faf42f669e2a6f34710f47fa1e1d464,evt_0faf42f669e2a6f3,Kiradech Aphibarnrat,PGA,61.97,,,,3.6700,1.0000,,
$2K Wyndham Championship,2020-08-11T21:05:27.776205,estk_0faf42f669e2a6f343668873521e8e14,evt_0faf42f669e2a6f3,Matt Wallace,PGA,61.72,,,,3.5900,1.0000,,
$2K Wyndham Championship,2020-08-11T21:05:27.776209,estk_0faf42f669e2a6f3ae4992823c10a96e,evt_0faf42f669e2a6f3,Carlos Ortiz,PGA,61.66,,,,3.5800,1.0000,,
$2K Wyndham Championship,2020-08-11T21:05:27.776213,estk_0faf42f669e2a6f340e1350656ce7a59,evt_0faf42f669e2a6f3,Brian Stuard,PGA,61.65,,,,3.5600,1.0000,,
$2K Wyndham Championship,2020-08-11T21:05:27.776216,estk_0faf42f669e2a6f3bb1c6041a03f12aa,evt_0faf42f669e2a6f3,Grayson Murray,PGA,61.56,,,,3.5500,,,
$2K Wyndham Championship,2020-08-11T21:05:27.776220,estk_0faf42f669e2a6f34a18d062074b38a6,evt_0faf42f669e2a6f3,Scott Brown,PGA,61.37,,,,3.4800,1.0000,,
$2K Wyndham Championship,2020-08-11T21:05:27.776223,estk_0faf42f669e2a6f3d579271267c1a31d,evt_0faf42f669e2a6f3,J.J. Spaun,PGA,61,,,,3.3700,1.0000,,
$2K Wyndham Championship,2020-08-11T21:05:27.776226,estk_0faf42f669e2a6f388df85a652008d25,evt_0faf42f669e2a6f3,Shane Lowry,PGA,60.89,,,,3.3300,,,
$2K Wyndham Championship,2020-08-11T21:05:27.776230,estk_0faf42f669e2a6f3294a661cf9329079,evt_0faf42f669e2a6f3,Danny Willett,PGA,60.7,,,,3.2500,1.0000,,
$2K Wyndham Championship,2020-08-11T21:05:27.776233,estk_0faf42f669e2a6f3e1d8c1ca5645a0d9,evt_0faf42f669e2a6f3,Peter Malnati,PGA,60.56,,,,3.2500,1.0100,,
$2K Wyndham Championship,2020-08-11T21:05:27.776236,estk_0faf42f669e2a6f3a2ae7a7605b3a52e,evt_0faf42f669e2a6f3,Denny McCarthy,PGA,60.54,,,,3.2300,1.0000,,
$2K Wyndham Championship,2020-08-11T21:05:27.776240,estk_0faf42f669e2a6f3a76ce6b76eb4f61c,evt_0faf42f669e2a6f3,Tom Hoge,PGA,60.34,,,,3.1800,1.0100,,
$2K Wyndham Championship,2020-08-11T21:05:27.776243,estk_0faf42f669e2a6f3a994dc6df42c2b1e,evt_0faf42f669e2a6f3,Nate Lashley,PGA,60.22,,,,3.1400,1.0000,,
$2K Wyndham Championship,2020-08-11T21:05:27.776247,estk_0faf42f669e2a6f317a7bca076b02aaf,evt_0faf42f669e2a6f3,Patton Kizzire,PGA,60.1,,,,3.0700,,,
$2K Wyndham Championship,2020-08-11T21:05:27.776251,estk_0faf42f669e2a6f34e281614612a121e,evt_0faf42f669e2a6f3,Nick Watney,PGA,59.96,,,,3.0500,1.0000,,
$2K Wyndham Championship,2020-08-11T21:05:27.776254,estk_0faf42f669e2a6f352583207eaa894b7,evt_0faf42f669e2a6f3,Scott Stallings,PGA,59.87,,,,3.0200,,,
$2K Wyndham Championship,2020-08-11T21:05:27.776259,estk_0faf42f669e2a6f34e3c375c77ca101d,evt_0faf42f669e2a6f3,Tyler Duncan,PGA,59.65,,,,2.9700,1.0000,,
$2K Wyndham Championship,2020-08-11T21:05:27.776263,estk_0faf42f669e2a6f3404d8fe8b6d05439,evt_0faf42f669e2a6f3,Andrew Landry,PGA,59.48,,,,2.9100,1.0000,,
$2K Wyndham Championship,2020-08-11T21:05:27.776266,estk_0faf42f669e2a6f365604bfabf5b2d5d,evt_0faf42f669e2a6f3,Carl Pettersson,PGA,59.4,,,,2.9000,1.0000,,
$2K Wyndham Championship,2020-08-11T21:05:27.776270,estk_0faf42f669e2a6f32c5fe4fc381997fe,evt_0faf42f669e2a6f3,Fabian Gomez,PGA,59.36,,,,2.8900,1.0000,,
$2K Wyndham Championship,2020-08-11T21:05:27.776274,estk_0faf42f669e2a6f3d271cdd16d885fa0,evt_0faf42f669e2a6f3,Ted Potter Jr.,PGA,59.24,,,,2.8600,,,
$2K Wyndham Championship,2020-08-11T21:05:27.776278,estk_0faf42f669e2a6f3edbbe9a8a4e2367d,evt_0faf42f669e2a6f3,Maverick McNealy,PGA,59.19,,,,2.8500,1.0000,,
$2K Wyndham Championship,2020-08-11T21:05:27.776281,estk_0faf42f669e2a6f3f1c1c5d688ad50b6,evt_0faf42f669e2a6f3,Danny Lee,PGA,59.08,,,,2.8100,1.0000,,
$2K Wyndham Championship,2020-08-11T21:05:27.776288,estk_0faf42f669e2a6f35a15f2b217b495d5,evt_0faf42f669e2a6f3,Adam Schenk,PGA,59,,,,2.8000,1.0100,,
$2K Wyndham Championship,2020-08-11T21:05:27.776292,estk_0faf42f669e2a6f39e26fd7ec152425f,evt_0faf42f669e2a6f3,David Hearn,PGA,59,,,,2.7800,,,
$2K Wyndham Championship,2020-08-11T21:05:27.776295,estk_0faf42f669e2a6f301c765712de170ec,evt_0faf42f669e2a6f3,Sung Kang,PGA,58.79,,,,2.7300,1.0000,,
$2K Wyndham Championship,2020-08-11T21:05:27.776299,estk_0faf42f669e2a6f3a0281ba5dadc7019,evt_0faf42f669e2a6f3,Matt Jones,PGA,58.49,,,,2.6800,1.0000,,
$2K Wyndham Championship,2020-08-11T21:05:27.776302,estk_0faf42f669e2a6f3b4845ab74ec88005,evt_0faf42f669e2a6f3,Zac Blair,PGA,58.25,,,,2.6200,1.0000,,
$2K Wyndham Championship,2020-08-11T21:05:27.776306,estk_0faf42f669e2a6f36e6bae282dbde85d,evt_0faf42f669e2a6f3,Jason Dufner,PGA,58.22,,,,2.6000,1.0000,,
$2K Wyndham Championship,2020-08-11T21:05:27.776310,estk_0faf42f669e2a6f377fd9b76bcb7f6ea,evt_0faf42f669e2a6f3,Henrik Norlander,PGA,58.17,,,,2.5900,1.0000,,
$2K Wyndham Championship,2020-08-11T21:05:27.776313,estk_0faf42f669e2a6f34fd145a9bc28b2e7,evt_0faf42f669e2a6f3,Bill Haas,PGA,57.85,,,,2.5100,1.0000,,
$2K Wyndham Championship,2020-08-11T21:05:27.776317,estk_0faf42f669e2a6f384ff1e749f17166c,evt_0faf42f669e2a6f3,Seamus Power,PGA,57.59,,,,2.4600,1.0000,,
$2K Wyndham Championship,2020-08-11T21:05:27.776321,estk_0faf42f669e2a6f3b465c84810010b77,evt_0faf42f669e2a6f3,Aaron Baddeley,PGA,57.47,,,,2.4400,1.0000,,
$2K Wyndham Championship,2020-08-11T21:05:27.776325,estk_0faf42f669e2a6f32363d8ed897ee473,evt_0faf42f669e2a6f3,Bronson Burgoon,PGA,56.93,,,,2.3200,1.0000,,
$2K Wyndham Championship,2020-08-11T21:05:27.776329,estk_0faf42f669e2a6f363ec4e5033098e73,evt_0faf42f669e2a6f3,Charl Schwartzel,PGA,56.64,,,,2.2300,1.0000,,
$2K Wyndham Championship,2020-08-11T21:05:27.776333,estk_0faf42f669e2a6f38145ed04e6806109,evt_0faf42f669e2a6f3,Beau Hossler,PGA,56.59,,,,2.2300,1.0000,,
$2K Wyndham Championship,2020-08-11T21:05:27.776336,estk_0faf42f669e2a6f351313c80a6582bc4,evt_0faf42f669e2a6f3,Jim Herman,PGA,56.44,,,,2.2000,,,
$2K Wyndham Championship,2020-08-11T21:05:27.776340,estk_0faf42f669e2a6f3545854725c047326,evt_0faf42f669e2a6f3,Pat Perez,PGA,55.92,,,,2.1100,1.0000,,
$2K Wyndham Championship,2020-08-11T21:05:27.776343,estk_0faf42f669e2a6f362eb66f5e498495a,evt_0faf42f669e2a6f3,Roger Sloan,PGA,55.72,,,,2.0800,1.0000,,
$2K Wyndham Championship,2020-08-11T21:05:27.776347,estk_0faf42f669e2a6f3c8c93926f7b1c7b6,evt_0faf42f669e2a6f3,Hank Lebioda,PGA,55.62,,,,2.0400,1.0000,,
$2K Wyndham Championship,2020-08-11T21:05:27.776350,estk_0faf42f669e2a6f3408e07cab14ecb5c,evt_0faf42f669e2a6f3,Kyoung-Hoon Lee,PGA,54.78,,,,1.9100,1.0000,,
$2K Wyndham Championship,2020-08-11T21:05:27.776354,estk_0faf42f669e2a6f3e89354ed4f13852c,evt_0faf42f669e2a6f3,Sam Burns,PGA,54.52,,,,1.8700,1.0000,,
$2K Wyndham Championship,2020-08-11T21:05:27.776357,estk_0faf42f669e2a6f340a0595b15d497b5,evt_0faf42f669e2a6f3,Cameron Davis,PGA,54.41,,,,1.8700,1.0000,,
$2K Wyndham Championship,2020-08-11T21:05:27.776361,estk_0faf42f669e2a6f3c3b1c969ee8fc8ed,evt_0faf42f669e2a6f3,D.J. Trahan,PGA,54.2,,,,1.8300,,,
$2K Wyndham Championship,2020-08-11T21:05:27.776364,estk_0faf42f669e2a6f398b6c3ebf18a16bb,evt_0faf42f669e2a6f3,Chris Stroud,PGA,54.08,,,,1.8100,1.0000,,
$2K Wyndham Championship,2020-08-11T21:05:27.776367,estk_0faf42f669e2a6f34f70a08a1a272573,evt_0faf42f669e2a6f3,Talor Gooch,PGA,53.84,,,,1.7700,1.0000,,
$2K Wyndham Championship,2020-08-11T21:05:27.776370,estk_0faf42f669e2a6f3bafdc1b3d806a361,evt_0faf42f669e2a6f3,Kramer Hickok,PGA,53.83,,,,1.7700,1.0000,,
$2K Wyndham Championship,2020-08-11T21:05:27.776374,estk_0faf42f669e2a6f319828383a43b2168,evt_0faf42f669e2a6f3,Bo Hoag,PGA,53.41,,,,1.7200,1.0000,,
$2K Wyndham Championship,2020-08-11T21:05:27.776378,estk_0faf42f669e2a6f39833b63def7a8a43,evt_0faf42f669e2a6f3,Scott Harrington,PGA,53.36,,,,1.7100,1.0000,,
$2K Wyndham Championship,2020-08-11T21:05:27.776381,estk_0faf42f669e2a6f369ddb55eb2327133,evt_0faf42f669e2a6f3,Bo Van Pelt,PGA,53.27,,,,1.7100,1.0000,,
$2K Wyndham Championship,2020-08-11T21:05:27.776385,estk_0faf42f669e2a6f308a1e3f033f987a2,evt_0faf42f669e2a6f3,Davis Love III,PGA,53.18,,,,1.6900,1.0000,,
$2K Wyndham Championship,2020-08-11T21:05:27.776388,estk_0faf42f669e2a6f35936e6a0df92674f,evt_0faf42f669e2a6f3,Xinjun Zhang,PGA,53.04,,,,1.6700,1.0000,,
$2K Wyndham Championship,2020-08-11T21:05:27.776391,estk_0faf42f669e2a6f3a9cf9571ae8d1395,evt_0faf42f669e2a6f3,Adam Long,PGA,52.51,,,,1.6200,1.0000,,
$2K Wyndham Championship,2020-08-11T21:05:27.776395,estk_0faf42f669e2a6f324767e7a4d8ae0f3,evt_0faf42f669e2a6f3,Mark Hubbard,PGA,52.55,,,,1.6100,1.0000,,
$2K Wyndham Championship,2020-08-11T21:05:27.776398,estk_0faf42f669e2a6f3534ac8d88803e8dc,evt_0faf42f669e2a6f3,Doug Ghim,PGA,52.54,,,,1.6100,1.0000,,
$2K Wyndham Championship,2020-08-11T21:05:27.776401,estk_0faf42f669e2a6f338fd81a2786ff8f6,evt_0faf42f669e2a6f3,Luke Donald,PGA,52.54,,,,1.6100,1.0000,,
$2K Wyndham Championship,2020-08-11T21:05:27.776405,estk_0faf42f669e2a6f3a861e54085d1dfe9,evt_0faf42f669e2a6f3,Rob Oppenheim,PGA,52.45,,,,1.6000,1.0000,,
$2K Wyndham Championship,2020-08-11T21:05:27.776408,estk_0faf42f669e2a6f35317d662f6397957,evt_0faf42f669e2a6f3,Arjun Atwal,PGA,52.36,,,,1.5900,1.0000,,
$2K Wyndham Championship,2020-08-11T21:05:27.776412,estk_0faf42f669e2a6f345d0540e3088a5bb,evt_0faf42f669e2a6f3,John Senden,PGA,52.32,,,,1.5800,,,
$2K Wyndham Championship,2020-08-11T21:05:27.776415,estk_0faf42f669e2a6f3b64bcd1f5a174b84,evt_0faf42f669e2a6f3,Matthew NeSmith,PGA,52.02,,,,1.5500,1.0000,,
$2K Wyndham Championship,2020-08-11T21:05:27.776418,estk_0faf42f669e2a6f389f9105a1c873f96,evt_0faf42f669e2a6f3,Tyler McCumber,PGA,51.92,,,,1.5400,,,
$2K Wyndham Championship,2020-08-11T21:05:27.776422,estk_0faf42f669e2a6f36c585da9e4b2ba79,evt_0faf42f669e2a6f3,Tom Lewis,PGA,51.87,,,,1.5400,1.0000,,
$2K Wyndham Championship,2020-08-11T21:05:27.776425,estk_0faf42f669e2a6f3bf7563f8d908b8a5,evt_0faf42f669e2a6f3,Tim Wilkinson,PGA,51.79,,,,1.5300,,,
$2K Wyndham Championship,2020-08-11T21:05:27.776428,estk_0faf42f669e2a6f34055c2393a3434be,evt_0faf42f669e2a6f3,Kristoffer Ventura,PGA,51.33,,,,1.4700,1.0000,,
$2K Wyndham Championship,2020-08-11T21:05:27.776432,estk_0faf42f669e2a6f3581730aeecfe5742,evt_0faf42f669e2a6f3,David Berganio,PGA,51.28,,,,1.4700,1.0000,,
$2K Wyndham Championship,2020-08-11T21:05:27.776435,estk_0faf42f669e2a6f3c888e6940b828845,evt_0faf42f669e2a6f3,Joseph Bramlett,PGA,51.11,,,,1.4700,1.0000,,
$2K Wyndham Championship,2020-08-11T21:05:27.776439,estk_0faf42f669e2a6f3194d0643ec6a54ff,evt_0faf42f669e2a6f3,Michael Gligic,PGA,51.16,,,,1.4600,,,
$2K Wyndham Championship,2020-08-11T21:05:27.776442,estk_0faf42f669e2a6f320ad6ea6094c9107,evt_0faf42f669e2a6f3,Mark Anderson,PGA,51.16,,,,1.4600,1.0000,,
$2K Wyndham Championship,2020-08-11T21:05:27.776446,estk_0faf42f669e2a6f3f1e17b95dcfcf25d,evt_0faf42f669e2a6f3,Akshay Bhatia,PGA,51.16,,,,1.4600,1.0000,,
$2K Wyndham Championship,2020-08-11T21:05:27.776450,estk_0faf42f669e2a6f3f2aa8d83ef18ae5d,evt_0faf42f669e2a6f3,Matt Every,PGA,50.36,,,,1.4000,1.0000,,
$2K Wyndham Championship,2020-08-11T21:05:27.776454,estk_0faf42f669e2a6f3287d78ec15ac0462,evt_0faf42f669e2a6f3,Martin Trainer,PGA,50.26,,,,1.3900,1.0000,,
$2K Wyndham Championship,2020-08-11T21:05:27.776458,estk_0faf42f669e2a6f3821b69f74a47b531,evt_0faf42f669e2a6f3,Chris Kirk,PGA,49.85,,,,1.3500,1.0000,,
$2K Wyndham Championship,2020-08-11T21:05:27.776461,estk_0faf42f669e2a6f3458d2668c7692dc5,evt_0faf42f669e2a6f3,Brandon Hagy,PGA,49.52,,,,1.3300,1.0000,,
$2K Wyndham Championship,2020-08-11T21:05:27.776465,estk_0faf42f669e2a6f39a1bbfc930ac6051,evt_0faf42f669e2a6f3,Robert Streb,PGA,49.37,,,,1.3200,1.0000,,
$2K Wyndham Championship,2020-08-11T21:05:27.776468,estk_0faf42f669e2a6f38b6717c659739b18,evt_0faf42f669e2a6f3,Michael Kim,PGA,49.31,,,,1.3200,1.0000,,
$2K Wyndham Championship,2020-08-11T21:05:27.776472,estk_0faf42f669e2a6f364349aca49ddf059,evt_0faf42f669e2a6f3,Austin Cook,PGA,49,,,,1.3000,1.0000,,
$2K Wyndham Championship,2020-08-11T21:05:27.776475,estk_0faf42f669e2a6f3bd95a61ddc89f373,evt_0faf42f669e2a6f3,Vaughn Taylor,PGA,0,,,,1.0000,1.0000,,
$2K Wyndham Championship,2020-08-11T21:05:27.776478,estk_0faf42f669e2a6f360e6f2aa7e058964,evt_0faf42f669e2a6f3,Tommy Fleetwood,PGA,0,,,,1.0000,1.0000,,
$2K Wyndham Championship,2020-08-11T21:05:27.776482,estk_0faf42f669e2a6f3277e17576c06f23a,evt_0faf42f669e2a6f3,Abraham Ancer,PGA,0,,,,1.0000,1.0000,,
$2K Wyndham Championship,2020-08-11T21:05:27.776485,estk_0faf42f669e2a6f3af335bc9711cd18a,evt_0faf42f669e2a6f3,Lanto Griffin,PGA,0,,,,1.0000,1.0000,,
$2K Wyndham Championship,2020-08-13T01:08:04.468961,estk_0faf42f669e2a6f3503f60443b3bd112,evt_0faf42f669e2a6f3,Webb Simpson,PGA,79.15,79.15,0,0,13.4100,12.6300,15.1600,
$2K Wyndham Championship,2020-08-13T01:08:04.468992,estk_0faf42f669e2a6f303fcb99bd098267b,evt_0faf42f669e2a6f3,Patrick Reed,PGA,78.09,78.09,0,0,12.6300,11.9700,14.4000,
$2K Wyndham Championship,2020-08-13T01:08:04.468997,estk_0faf42f669e2a6f330ccd165c4aa611d,evt_0faf42f669e2a6f3,Brooks Koepka,PGA,76.15,76.15,0,0,11.1800,10.6900,12.9500,
$2K Wyndham Championship,2020-08-13T01:08:04.469002,estk_0faf42f669e2a6f3db5881f101cec470,evt_0faf42f669e2a6f3,Justin Rose,PGA,74.58,74.58,0,0,10.1900,9.6600,11.9100,
$2K Wyndham Championship,2020-08-13T01:08:04.469006,estk_0faf42f669e2a6f3e64a0e6fb2b31683,evt_0faf42f669e2a6f3,Rafa Cabrera Bello,PGA,71.6,71.6,0,0,8.2700,7.8600,9.9700,
$2K Wyndham Championship,2020-08-13T01:08:04.469011,estk_0faf42f669e2a6f36cf2ca706ee5c6ba,evt_0faf42f669e2a6f3,Zach Johnson,PGA,70.96,70.96,0,0,7.8700,7.5000,9.5800,
$2K Wyndham Championship,2020-08-13T01:08:04.469015,estk_0faf42f669e2a6f3a251d6b9cc0a07e5,evt_0faf42f669e2a6f3,Sungjae Im,PGA,70.86,70.86,0,0,7.8300,7.4600,9.4700,
$2K Wyndham Championship,2020-08-13T01:08:04.469020,estk_0faf42f669e2a6f35e6a5c337da2b39d,evt_0faf42f669e2a6f3,Matthias Schwab,PGA,70.52,70.52,0,0,7.6400,7.2800,9.2300,
$2K Wyndham Championship,2020-08-13T01:08:04.469024,estk_0faf42f669e2a6f3dda748b4200f22bf,evt_0faf42f669e2a6f3,Paul Casey,PGA,70.47,70.47,0,0,7.5900,7.2500,9.2400,
$2K Wyndham Championship,2020-08-13T01:08:04.469028,estk_0faf42f669e2a6f3694b41dae4b8654f,evt_0faf42f669e2a6f3,Lucas Glover,PGA,70.44,70.44,0,0,7.5700,7.2200,9.2400,
$2K Wyndham Championship,2020-08-13T01:08:04.469033,estk_0faf42f669e2a6f3170130e9fa731e23,evt_0faf42f669e2a6f3,Jason Kokrak,PGA,69.7,69.7,0,0,7.1400,6.8200,8.8100,
$2K Wyndham Championship,2020-08-13T01:08:04.469037,estk_0faf42f669e2a6f32ab98d8a9a770fd5,evt_0faf42f669e2a6f3,Jordan Spieth,PGA,69.68,69.68,0,0,7.1000,6.8000,8.7400,
$2K Wyndham Championship,2020-08-13T01:08:04.469041,estk_0faf42f669e2a6f356ab6ba90ba02e56,evt_0faf42f669e2a6f3,Joaquin Niemann,PGA,69.43,69.43,0,0,7.0100,6.6600,8.6400,
$2K Wyndham Championship,2020-08-13T01:08:04.469045,estk_0faf42f669e2a6f391386b499e2742a4,evt_0faf42f669e2a6f3,Ryan Moore,PGA,68.9,68.9,0,0,6.6800,6.4400,8.3300,
$2K Wyndham Championship,2020-08-13T01:08:04.469049,estk_0faf42f669e2a6f31fc545ba8ac8cb0b,evt_0faf42f669e2a6f3,Rory Sabbatini,PGA,68.41,68.41,0,0,6.4600,6.1600,8.1300,
$2K Wyndham Championship,2020-08-13T01:08:04.469053,estk_0faf42f669e2a6f34e5af02280177635,evt_0faf42f669e2a6f3,Si Woo Kim,PGA,68.37,68.37,0,0,6.4400,6.1600,8.0700,
$2K Wyndham Championship,2020-08-13T01:08:04.469057,estk_0faf42f669e2a6f3d8f0d69f88d3691a,evt_0faf42f669e2a6f3,Doc Redman,PGA,68.27,68.27,0,0,6.3900,6.0900,8.0100,
$2K Wyndham Championship,2020-08-13T01:08:04.469062,estk_0faf42f669e2a6f34c6653517cec92a3,evt_0faf42f669e2a6f3,Russell Knox,PGA,68.26,68.26,0,0,6.3700,6.1200,7.9800,
$2K Wyndham Championship,2020-08-13T01:08:04.469065,estk_0faf42f669e2a6f3727afcd55bf28e15,evt_0faf42f669e2a6f3,Brandt Snedeker,PGA,68.02,68.02,0,0,6.2400,6.0000,7.8600,
$2K Wyndham Championship,2020-08-13T01:08:04.469069,estk_0faf42f669e2a6f31ca8635140548cc5,evt_0faf42f669e2a6f3,Harris English,PGA,67.04,67.04,0,0,5.7400,5.5100,7.3900,
$2K Wyndham Championship,2020-08-13T01:08:04.469073,estk_0faf42f669e2a6f3e71bc53e996275e5,evt_0faf42f669e2a6f3,Brian Gay,PGA,66.9,66.9,0,0,5.6800,5.4700,7.3000,
$2K Wyndham Championship,2020-08-13T01:08:04.469077,estk_0faf42f669e2a6f3938149290ef83c69,evt_0faf42f669e2a6f3,Cameron Percy,PGA,66.88,66.88,0,0,5.6800,5.4600,7.3200,
$2K Wyndham Championship,2020-08-13T01:08:04.469081,estk_0faf42f669e2a6f399495eb9a3c8aa25,evt_0faf42f669e2a6f3,Kevin Kisner,PGA,66.1,66.1,0,0,5.3400,5.1100,6.9300,
$2K Wyndham Championship,2020-08-13T01:08:04.469086,estk_0faf42f669e2a6f31ce4da0ea7a969fb,evt_0faf42f669e2a6f3,Kevin Tway,PGA,66.02,66.02,0,0,5.3200,5.0800,6.9100,
$2K Wyndham Championship,2020-08-13T01:08:04.469090,estk_0faf42f669e2a6f33544479351e1ff63,evt_0faf42f669e2a6f3,Billy Horschel,PGA,66.02,66.02,0,0,5.3100,5.0800,6.8900,
$2K Wyndham Championship,2020-08-13T01:08:04.469094,estk_0faf42f669e2a6f3f0b722aa359b7f95,evt_0faf42f669e2a6f3,Scott Piercy,PGA,65.93,65.93,0,0,5.2800,5.0400,6.8100,
$2K Wyndham Championship,2020-08-13T01:08:04.469098,estk_0faf42f669e2a6f3467812ddab873919,evt_0faf42f669e2a6f3,J.T. Poston,PGA,65.95,65.95,0,0,5.2700,5.0400,6.8800,
$2K Wyndham Championship,2020-08-13T01:08:04.469102,estk_0faf42f669e2a6f3017972156cc3fd8e,evt_0faf42f669e2a6f3,Stewart Cink,PGA,65.69,65.69,0,0,5.1800,4.9400,6.7200,
$2K Wyndham Championship,2020-08-13T01:08:04.469106,estk_0faf42f669e2a6f3f9b7e49ec070a617,evt_0faf42f669e2a6f3,Chesson Hadley,PGA,65.59,65.59,0,0,5.1000,4.9000,6.7100,
$2K Wyndham Championship,2020-08-13T01:08:04.469110,estk_0faf42f669e2a6f33669473c95ba1329,evt_0faf42f669e2a6f3,C.T. Pan,PGA,65.55,65.55,0,0,5.1000,4.8800,6.6800,
$2K Wyndham Championship,2020-08-13T01:08:04.469114,estk_0faf42f669e2a6f3bdc437a37a2c4345,evt_0faf42f669e2a6f3,Patrick Rodgers,PGA,65.45,65.45,0,0,5.0400,4.8300,6.6400,
$2K Wyndham Championship,2020-08-13T01:08:04.469118,estk_0faf42f669e2a6f337a8104a8070199b,evt_0faf42f669e2a6f3,Ryan Armour,PGA,65.44,65.44,0,0,5.0100,4.8300,6.6200,
$2K Wyndham Championship,2020-08-13T01:08:04.469122,estk_0faf42f669e2a6f38b9d725b59bb9f58,evt_0faf42f669e2a6f3,Kyle Stanley,PGA,65.3,65.3,0,0,4.9600,4.7800,6.5800,
$2K Wyndham Championship,2020-08-13T01:08:04.469126,estk_0faf42f669e2a6f3a5e32548021abe19,evt_0faf42f669e2a6f3,Chez Reavie,PGA,65.24,65.24,0,0,4.9500,4.7600,6.5300,
$2K Wyndham Championship,2020-08-13T01:08:04.469130,estk_0faf42f669e2a6f3f8ddff16f2dbed28,evt_0faf42f669e2a6f3,Corey Conners,PGA,65.07,65.07,0,0,4.8800,4.6800,6.4500,
$2K Wyndham Championship,2020-08-13T01:08:04.469134,estk_0faf42f669e2a6f31e0083f260619709,evt_0faf42f669e2a6f3,Sebastian Munoz,PGA,65.05,65.05,0,0,4.8700,4.6700,6.4700,
$2K Wyndham Championship,2020-08-13T01:08:04.469139,estk_0faf42f669e2a6f3e3957215e84f7eab,evt_0faf42f669e2a6f3,Charles Howell III,PGA,64.72,64.72,0,0,4.7400,4.5400,6.3700,
$2K Wyndham Championship,2020-08-13T01:08:04.469143,estk_0faf42f669e2a6f33a3fd2efe45d4190,evt_0faf42f669e2a6f3,Harold Varner III,PGA,64.62,64.62,0,0,4.7100,4.4800,6.2700,
$2K Wyndham Championship,2020-08-13T01:08:04.469147,estk_0faf42f669e2a6f33f67e338f06084d7,evt_0faf42f669e2a6f3,Troy Merritt,PGA,64.31,64.31,0,0,4.5800,4.3700,6.1200,
$2K Wyndham Championship,2020-08-13T01:08:04.469150,estk_0faf42f669e2a6f328faa014509b0dcf,evt_0faf42f669e2a6f3,Anirban Lahiri,PGA,64.12,64.12,0,0,4.4900,4.3000,6.0900,
$2K Wyndham Championship,2020-08-13T01:08:04.469154,estk_0faf42f669e2a6f34fd2025821f57a83,evt_0faf42f669e2a6f3,Brendon Todd,PGA,64.1,64.1,0,0,4.4800,4.3200,6.0500,
$2K Wyndham Championship,2020-08-13T01:08:04.469158,estk_0faf42f669e2a6f38438cb80bd2eda1c,evt_0faf42f669e2a6f3,Sam Ryder,PGA,63.79,63.79,0,0,4.3800,4.1900,5.9700,
$2K Wyndham Championship,2020-08-13T01:08:04.469162,estk_0faf42f669e2a6f31d4f740cf9f348cc,evt_0faf42f669e2a6f3,Wyndham Clark,PGA,63.78,63.78,0,0,4.3500,4.1900,5.9500,
$2K Wyndham Championship,2020-08-13T01:08:04.469166,estk_0faf42f669e2a6f3499f65e84c5a381b,evt_0faf42f669e2a6f3,Jim Furyk,PGA,63.77,63.77,0,0,4.3500,4.1700,5.9100,
$2K Wyndham Championship,2020-08-13T01:08:04.469170,estk_0faf42f669e2a6f319a50940b25d55c7,evt_0faf42f669e2a6f3,Will Gordon,PGA,63.8,63.8,0,0,4.3400,4.2000,5.9400,
$2K Wyndham Championship,2020-08-13T01:08:04.469174,estk_0faf42f669e2a6f3d3db04808a1c74b0,evt_0faf42f669e2a6f3,Jhonattan Vegas,PGA,63.3,63.3,0,0,4.1800,4.0100,5.7400,
$2K Wyndham Championship,2020-08-13T01:08:04.469178,estk_0faf42f669e2a6f333cbfa0bc2c99848,evt_0faf42f669e2a6f3,Charley Hoffman,PGA,63.29,63.29,0,0,4.1700,4.0100,5.7300,
$2K Wyndham Championship,2020-08-13T01:08:04.469182,estk_0faf42f669e2a6f32417e84cbbd5324d,evt_0faf42f669e2a6f3,Luke List,PGA,63.1,63.1,0,0,4.1100,3.9500,5.6500,
$2K Wyndham Championship,2020-08-13T01:08:04.469186,estk_0faf42f669e2a6f3800e5acffcb2c354,evt_0faf42f669e2a6f3,Bud Cauley,PGA,63.06,63.06,0,0,4.1000,3.9200,5.6400,
$2K Wyndham Championship,2020-08-13T01:08:04.469190,estk_0faf42f669e2a6f38c0c59e9f95a36fc,evt_0faf42f669e2a6f3,Graeme McDowell,PGA,63.04,63.04,0,0,4.0700,3.9100,5.6700,
$2K Wyndham Championship,2020-08-13T01:08:04.469193,estk_0faf42f669e2a6f3f231f387a64bda8c,evt_0faf42f669e2a6f3,Branden Grace,PGA,62.95,62.95,0,0,4.0500,3.8900,5.6200,
$2K Wyndham Championship,2020-08-13T01:08:04.469197,estk_0faf42f669e2a6f3a469dfc58a110587,evt_0faf42f669e2a6f3,Brian Harman,PGA,62.74,62.74,0,0,3.9700,3.8100,5.5400,
$2K Wyndham Championship,2020-08-13T01:08:04.469200,estk_0faf42f669e2a6f399179e01f2c29013,evt_0faf42f669e2a6f3,Aaron Wise,PGA,62.66,62.66,0,0,3.9500,3.7900,5.5300,
$2K Wyndham Championship,2020-08-13T01:08:04.469204,estk_0faf42f669e2a6f3d6797fef070c38d6,evt_0faf42f669e2a6f3,Brice Garnett,PGA,62.7,62.7,0,0,3.9300,3.8200,5.5300,
$2K Wyndham Championship,2020-08-13T01:08:04.469208,estk_0faf42f669e2a6f34be0d7fc77429fae,evt_0faf42f669e2a6f3,Sepp Straka,PGA,62.54,62.54,0,0,3.9200,3.7500,5.4600,
$2K Wyndham Championship,2020-08-13T01:08:04.469212,estk_0faf42f669e2a6f3dc45886d5b7d7c1b,evt_0faf42f669e2a6f3,Russell Henley,PGA,62.48,62.48,0,0,3.8900,3.7300,5.4400,
$2K Wyndham Championship,2020-08-13T01:08:04.469216,estk_0faf42f669e2a6f3382b1670443dcf6e,evt_0faf42f669e2a6f3,Keith Mitchell,PGA,62.05,62.05,0,0,3.7200,3.6000,5.3000,
$2K Wyndham Championship,2020-08-13T01:08:04.469224,estk_0faf42f669e2a6f34710f47fa1e1d464,evt_0faf42f669e2a6f3,Kiradech Aphibarnrat,PGA,61.97,61.97,0,0,3.7100,3.5700,5.2600,
$2K Wyndham Championship,2020-08-13T01:08:04.469228,estk_0faf42f669e2a6f343668873521e8e14,evt_0faf42f669e2a6f3,Matt Wallace,PGA,61.72,61.72,0,0,3.6100,3.4800,5.1900,
$2K Wyndham Championship,2020-08-13T01:08:04.469233,estk_0faf42f669e2a6f3ae4992823c10a96e,evt_0faf42f669e2a6f3,Carlos Ortiz,PGA,61.66,61.66,0,0,3.6100,3.4600,5.1600,
$2K Wyndham Championship,2020-08-13T01:08:04.469237,estk_0faf42f669e2a6f340e1350656ce7a59,evt_0faf42f669e2a6f3,Brian Stuard,PGA,61.65,61.65,0,0,3.5800,3.4700,5.1500,
$2K Wyndham Championship,2020-08-13T01:08:04.469241,estk_0faf42f669e2a6f3bb1c6041a03f12aa,evt_0faf42f669e2a6f3,Grayson Murray,PGA,61.56,61.56,0,0,3.5600,3.4300,5.1100,
$2K Wyndham Championship,2020-08-13T01:08:04.469245,estk_0faf42f669e2a6f34a18d062074b38a6,evt_0faf42f669e2a6f3,Scott Brown,PGA,61.37,61.37,0,0,3.4600,3.3800,5.0700,
$2K Wyndham Championship,2020-08-13T01:08:04.469249,estk_0faf42f669e2a6f3d579271267c1a31d,evt_0faf42f669e2a6f3,J.J. Spaun,PGA,61,61,0,0,3.3800,3.2700,4.9600,
$2K Wyndham Championship,2020-08-13T01:08:04.469253,estk_0faf42f669e2a6f388df85a652008d25,evt_0faf42f669e2a6f3,Shane Lowry,PGA,60.89,60.89,0,0,3.3800,3.2400,4.9100,
$2K Wyndham Championship,2020-08-13T01:08:04.469257,estk_0faf42f669e2a6f3294a661cf9329079,evt_0faf42f669e2a6f3,Danny Willett,PGA,60.7,60.7,0,0,3.2800,3.1800,4.8600,
$2K Wyndham Championship,2020-08-13T01:08:04.469261,estk_0faf42f669e2a6f3e1d8c1ca5645a0d9,evt_0faf42f669e2a6f3,Peter Malnati,PGA,60.56,60.56,0,0,3.2600,3.1400,,
$2K Wyndham Championship,2020-08-13T01:08:04.469265,estk_0faf42f669e2a6f3a2ae7a7605b3a52e,evt_0faf42f669e2a6f3,Denny McCarthy,PGA,60.54,60.54,0,0,3.2400,3.1400,4.8000,
$2K Wyndham Championship,2020-08-13T01:08:04.469269,estk_0faf42f669e2a6f3a76ce6b76eb4f61c,evt_0faf42f669e2a6f3,Tom Hoge,PGA,60.34,60.34,0,0,3.1900,3.0800,4.7300,
$2K Wyndham Championship,2020-08-13T01:08:04.469273,estk_0faf42f669e2a6f3a994dc6df42c2b1e,evt_0faf42f669e2a6f3,Nate Lashley,PGA,60.22,60.22,0,0,3.1700,3.0500,4.7100,
$2K Wyndham Championship,2020-08-13T01:08:04.469276,estk_0faf42f669e2a6f317a7bca076b02aaf,evt_0faf42f669e2a6f3,Patton Kizzire,PGA,60.1,60.1,0,0,3.1100,3.0100,4.6600,
$2K Wyndham Championship,2020-08-13T01:08:04.469280,estk_0faf42f669e2a6f34e281614612a121e,evt_0faf42f669e2a6f3,Nick Watney,PGA,59.96,59.96,0,0,3.0700,2.9800,4.6400,
$2K Wyndham Championship,2020-08-13T01:08:04.469284,estk_0faf42f669e2a6f352583207eaa894b7,evt_0faf42f669e2a6f3,Scott Stallings,PGA,59.87,59.87,0,0,3.0600,2.9600,4.6100,
$2K Wyndham Championship,2020-08-13T01:08:04.469289,estk_0faf42f669e2a6f34e3c375c77ca101d,evt_0faf42f669e2a6f3,Tyler Duncan,PGA,59.65,59.65,0,0,3.0100,2.9000,4.5400,
$2K Wyndham Championship,2020-08-13T01:08:04.469293,estk_0faf42f669e2a6f3404d8fe8b6d05439,evt_0faf42f669e2a6f3,Andrew Landry,PGA,59.48,59.48,0,0,2.9400,2.8500,4.5000,
$2K Wyndham Championship,2020-08-13T01:08:04.469297,estk_0faf42f669e2a6f32c5fe4fc381997fe,evt_0faf42f669e2a6f3,Fabian Gomez,PGA,59.36,59.36,0,0,2.9300,2.8300,4.4800,
$2K Wyndham Championship,2020-08-13T01:08:04.469300,estk_0faf42f669e2a6f365604bfabf5b2d5d,evt_0faf42f669e2a6f3,Carl Pettersson,PGA,59.4,59.4,0,0,2.9200,2.8300,4.4700,
$2K Wyndham Championship,2020-08-13T01:08:04.469304,estk_0faf42f669e2a6f3d271cdd16d885fa0,evt_0faf42f669e2a6f3,Ted Potter Jr.,PGA,59.24,59.24,0,0,2.8900,2.8000,4.4400,
$2K Wyndham Championship,2020-08-13T01:08:04.469308,estk_0faf42f669e2a6f3f1c1c5d688ad50b6,evt_0faf42f669e2a6f3,Danny Lee,PGA,59.08,59.08,0,0,2.8500,2.7700,4.4100,
$2K Wyndham Championship,2020-08-13T01:08:04.469312,estk_0faf42f669e2a6f3edbbe9a8a4e2367d,evt_0faf42f669e2a6f3,Maverick McNealy,PGA,59.19,59.19,0,0,2.8400,2.7800,4.4200,
$2K Wyndham Championship,2020-08-13T01:08:04.469316,estk_0faf42f669e2a6f35a15f2b217b495d5,evt_0faf42f669e2a6f3,Adam Schenk,PGA,59,59,0,0,2.8000,2.7300,4.3900,
$2K Wyndham Championship,2020-08-13T01:08:04.469320,estk_0faf42f669e2a6f39e26fd7ec152425f,evt_0faf42f669e2a6f3,David Hearn,PGA,59,59,0,0,2.8000,2.7400,4.3800,
$2K Wyndham Championship,2020-08-13T01:08:04.469324,estk_0faf42f669e2a6f301c765712de170ec,evt_0faf42f669e2a6f3,Sung Kang,PGA,58.79,58.79,0,0,2.7500,2.6900,4.3100,
$2K Wyndham Championship,2020-08-13T01:08:04.469327,estk_0faf42f669e2a6f3a0281ba5dadc7019,evt_0faf42f669e2a6f3,Matt Jones,PGA,58.49,58.49,0,0,2.6800,2.6400,4.2500,
$2K Wyndham Championship,2020-08-13T01:08:04.469331,estk_0faf42f669e2a6f3b4845ab74ec88005,evt_0faf42f669e2a6f3,Zac Blair,PGA,58.25,58.25,0,0,2.6400,2.5900,4.1900,
$2K Wyndham Championship,2020-08-13T01:08:04.469335,estk_0faf42f669e2a6f36e6bae282dbde85d,evt_0faf42f669e2a6f3,Jason Dufner,PGA,58.22,58.22,0,0,2.6300,2.5800,4.1800,
$2K Wyndham Championship,2020-08-13T01:08:04.469339,estk_0faf42f669e2a6f377fd9b76bcb7f6ea,evt_0faf42f669e2a6f3,Henrik Norlander,PGA,58.17,58.17,0,0,2.6200,2.5600,4.1700,
$2K Wyndham Championship,2020-08-13T01:08:04.469343,estk_0faf42f669e2a6f34fd145a9bc28b2e7,evt_0faf42f669e2a6f3,Bill Haas,PGA,57.85,57.85,0,0,2.5200,2.4900,4.0800,
$2K Wyndham Championship,2020-08-13T01:08:04.469346,estk_0faf42f669e2a6f384ff1e749f17166c,evt_0faf42f669e2a6f3,Seamus Power,PGA,57.59,57.59,0,0,2.4800,2.4500,4.0200,
$2K Wyndham Championship,2020-08-13T01:08:04.469351,estk_0faf42f669e2a6f3b465c84810010b77,evt_0faf42f669e2a6f3,Aaron Baddeley,PGA,57.47,57.47,0,0,2.4600,2.4000,4.0000,
$2K Wyndham Championship,2020-08-13T01:08:04.469354,estk_0faf42f669e2a6f32363d8ed897ee473,evt_0faf42f669e2a6f3,Bronson Burgoon,PGA,56.93,56.93,0,0,2.3400,2.3000,3.8800,
$2K Wyndham Championship,2020-08-13T01:08:04.469358,estk_0faf42f669e2a6f363ec4e5033098e73,evt_0faf42f669e2a6f3,Charl Schwartzel,PGA,56.64,56.64,0,0,2.2800,2.2800,3.8200,
$2K Wyndham Championship,2020-08-13T01:08:04.469362,estk_0faf42f669e2a6f38145ed04e6806109,evt_0faf42f669e2a6f3,Beau Hossler,PGA,56.59,56.59,0,0,2.2800,2.2600,3.8100,
$2K Wyndham Championship,2020-08-13T01:08:04.469366,estk_0faf42f669e2a6f351313c80a6582bc4,evt_0faf42f669e2a6f3,Jim Herman,PGA,56.44,56.44,0,0,2.2500,2.2400,3.7800,
$2K Wyndham Championship,2020-08-13T01:08:04.469370,estk_0faf42f669e2a6f3545854725c047326,evt_0faf42f669e2a6f3,Pat Perez,PGA,55.92,55.92,0,0,2.1400,2.1600,3.6900,
$2K Wyndham Championship,2020-08-13T01:08:04.469373,estk_0faf42f669e2a6f362eb66f5e498495a,evt_0faf42f669e2a6f3,Roger Sloan,PGA,55.72,55.72,0,0,2.1100,2.1300,3.6400,
$2K Wyndham Championship,2020-08-13T01:08:04.469377,estk_0faf42f669e2a6f3c8c93926f7b1c7b6,evt_0faf42f669e2a6f3,Hank Lebioda,PGA,55.62,55.62,0,0,2.0900,2.0900,3.6400,
$2K Wyndham Championship,2020-08-13T01:08:04.469381,estk_0faf42f669e2a6f3408e07cab14ecb5c,evt_0faf42f669e2a6f3,Kyoung-Hoon Lee,PGA,54.78,54.78,0,0,1.9500,1.9800,3.4900,
$2K Wyndham Championship,2020-08-13T01:08:04.469385,estk_0faf42f669e2a6f3e89354ed4f13852c,evt_0faf42f669e2a6f3,Sam Burns,PGA,54.52,54.52,0,0,1.9100,1.9400,3.4500,
$2K Wyndham Championship,2020-08-13T01:08:04.469389,estk_0faf42f669e2a6f340a0595b15d497b5,evt_0faf42f669e2a6f3,Cameron Davis,PGA,54.41,54.41,0,0,1.8800,1.9200,3.4300,
$2K Wyndham Championship,2020-08-13T01:08:04.469393,estk_0faf42f669e2a6f3c3b1c969ee8fc8ed,evt_0faf42f669e2a6f3,D.J. Trahan,PGA,54.2,54.2,0,0,1.8700,1.9100,3.3900,
$2K Wyndham Championship,2020-08-13T01:08:04.469397,estk_0faf42f669e2a6f398b6c3ebf18a16bb,evt_0faf42f669e2a6f3,Chris Stroud,PGA,54.08,54.08,0,0,1.8600,1.8900,3.3900,
$2K Wyndham Championship,2020-08-13T01:08:04.469400,estk_0faf42f669e2a6f34f70a08a1a272573,evt_0faf42f669e2a6f3,Talor Gooch,PGA,53.84,53.84,0,0,1.8100,1.8500,3.3400,
$2K Wyndham Championship,2020-08-13T01:08:04.469404,estk_0faf42f669e2a6f3bafdc1b3d806a361,evt_0faf42f669e2a6f3,Kramer Hickok,PGA,53.83,53.83,0,0,1.8100,1.8500,3.3400,
$2K Wyndham Championship,2020-08-13T01:08:04.469407,estk_0faf42f669e2a6f319828383a43b2168,evt_0faf42f669e2a6f3,Bo Hoag,PGA,53.41,53.41,0,0,1.7500,1.7900,3.3000,
$2K Wyndham Championship,2020-08-13T01:08:04.469411,estk_0faf42f669e2a6f39833b63def7a8a43,evt_0faf42f669e2a6f3,Scott Harrington,PGA,53.36,53.36,0,0,1.7500,1.7900,3.2600,
$2K Wyndham Championship,2020-08-13T01:08:04.469414,estk_0faf42f669e2a6f369ddb55eb2327133,evt_0faf42f669e2a6f3,Bo Van Pelt,PGA,53.27,53.27,0,0,1.7300,1.7800,3.2600,
$2K Wyndham Championship,2020-08-13T01:08:04.469418,estk_0faf42f669e2a6f308a1e3f033f987a2,evt_0faf42f669e2a6f3,Davis Love III,PGA,53.18,53.18,0,0,1.7100,1.7700,3.2500,
$2K Wyndham Championship,2020-08-13T01:08:04.469422,estk_0faf42f669e2a6f35936e6a0df92674f,evt_0faf42f669e2a6f3,Xinjun Zhang,PGA,53.04,53.04,0,0,1.7100,1.7600,3.2300,
$2K Wyndham Championship,2020-08-13T01:08:04.469426,estk_0faf42f669e2a6f3534ac8d88803e8dc,evt_0faf42f669e2a6f3,Doug Ghim,PGA,52.54,52.54,0,0,1.6500,1.7000,3.1700,
$2K Wyndham Championship,2020-08-13T01:08:04.469430,estk_0faf42f669e2a6f338fd81a2786ff8f6,evt_0faf42f669e2a6f3,Luke Donald,PGA,52.54,52.54,0,0,1.6500,1.7000,3.1700,
$2K Wyndham Championship,2020-08-13T01:08:04.469433,estk_0faf42f669e2a6f324767e7a4d8ae0f3,evt_0faf42f669e2a6f3,Mark Hubbard,PGA,52.55,52.55,0,0,1.6400,1.6900,3.1700,
$2K Wyndham Championship,2020-08-13T01:08:04.469437,estk_0faf42f669e2a6f3a9cf9571ae8d1395,evt_0faf42f669e2a6f3,Adam Long,PGA,52.51,52.51,0,0,1.6400,1.6800,3.1600,
$2K Wyndham Championship,2020-08-13T01:08:04.469441,estk_0faf42f669e2a6f3a861e54085d1dfe9,evt_0faf42f669e2a6f3,Rob Oppenheim,PGA,52.45,52.45,0,0,1.6400,1.6900,3.1600,
$2K Wyndham Championship,2020-08-13T01:08:04.469444,estk_0faf42f669e2a6f35317d662f6397957,evt_0faf42f669e2a6f3,Arjun Atwal,PGA,52.36,52.36,0,0,1.6200,1.6800,3.1400,
$2K Wyndham Championship,2020-08-13T01:08:04.469448,estk_0faf42f669e2a6f345d0540e3088a5bb,evt_0faf42f669e2a6f3,John Senden,PGA,52.32,52.32,0,0,1.6200,1.6700,3.1500,
$2K Wyndham Championship,2020-08-13T01:08:04.469452,estk_0faf42f669e2a6f3b64bcd1f5a174b84,evt_0faf42f669e2a6f3,Matthew NeSmith,PGA,52.02,52.02,0,0,1.5900,1.6400,3.1100,
$2K Wyndham Championship,2020-08-13T01:08:04.469455,estk_0faf42f669e2a6f389f9105a1c873f96,evt_0faf42f669e2a6f3,Tyler McCumber,PGA,51.92,51.92,0,0,1.5700,1.6400,3.1000,
$2K Wyndham Championship,2020-08-13T01:08:04.469459,estk_0faf42f669e2a6f36c585da9e4b2ba79,evt_0faf42f669e2a6f3,Tom Lewis,PGA,51.87,51.87,0,0,1.5600,1.6300,3.1100,
$2K Wyndham Championship,2020-08-13T01:08:04.469463,estk_0faf42f669e2a6f3bf7563f8d908b8a5,evt_0faf42f669e2a6f3,Tim Wilkinson,PGA,51.79,51.79,0,0,1.5500,1.6200,3.0900,
$2K Wyndham Championship,2020-08-13T01:08:04.469466,estk_0faf42f669e2a6f34055c2393a3434be,evt_0faf42f669e2a6f3,Kristoffer Ventura,PGA,51.33,51.33,0,0,1.5100,1.5900,3.0400,
$2K Wyndham Championship,2020-08-13T01:08:04.469470,estk_0faf42f669e2a6f3581730aeecfe5742,evt_0faf42f669e2a6f3,David Berganio,PGA,51.28,51.28,0,0,1.5000,1.5700,3.0300,
$2K Wyndham Championship,2020-08-13T01:08:04.469474,estk_0faf42f669e2a6f320ad6ea6094c9107,evt_0faf42f669e2a6f3,Mark Anderson,PGA,51.16,51.16,0,0,1.5000,1.5600,3.0300,
$2K Wyndham Championship,2020-08-13T01:08:04.469477,estk_0faf42f669e2a6f3f1e17b95dcfcf25d,evt_0faf42f669e2a6f3,Akshay Bhatia,PGA,51.16,51.16,0,0,1.5000,1.5600,3.0200,
$2K Wyndham Championship,2020-08-13T01:08:04.469481,estk_0faf42f669e2a6f3194d0643ec6a54ff,evt_0faf42f669e2a6f3,Michael Gligic,PGA,51.16,51.16,0,0,1.4900,1.5700,3.0300,
$2K Wyndham Championship,2020-08-13T01:08:04.469485,estk_0faf42f669e2a6f3c888e6940b828845,evt_0faf42f669e2a6f3,Joseph Bramlett,PGA,51.11,51.11,0,0,1.4900,1.5600,3.0200,
$2K Wyndham Championship,2020-08-13T01:08:04.469488,estk_0faf42f669e2a6f3f2aa8d83ef18ae5d,evt_0faf42f669e2a6f3,Matt Every,PGA,50.36,50.36,0,0,1.4300,1.5000,2.9500,
$2K Wyndham Championship,2020-08-13T01:08:04.469494,estk_0faf42f669e2a6f3287d78ec15ac0462,evt_0faf42f669e2a6f3,Martin Trainer,PGA,50.26,50.26,0,0,1.4100,1.4700,2.9500,
$2K Wyndham Championship,2020-08-13T01:08:04.469498,estk_0faf42f669e2a6f3821b69f74a47b531,evt_0faf42f669e2a6f3,Chris Kirk,PGA,49.85,49.85,0,0,1.3800,1.4500,2.9100,
$2K Wyndham Championship,2020-08-13T01:08:04.469502,estk_0faf42f669e2a6f3458d2668c7692dc5,evt_0faf42f669e2a6f3,Brandon Hagy,PGA,49.52,49.52,0,0,1.3600,1.4200,2.8900,
$2K Wyndham Championship,2020-08-13T01:08:04.469506,estk_0faf42f669e2a6f39a1bbfc930ac6051,evt_0faf42f669e2a6f3,Robert Streb,PGA,49.37,49.37,0,0,1.3500,1.4200,2.8800,
$2K Wyndham Championship,2020-08-13T01:08:04.469510,estk_0faf42f669e2a6f38b6717c659739b18,evt_0faf42f669e2a6f3,Michael Kim,PGA,49.31,49.31,0,0,1.3500,1.4100,2.8700,
$2K Wyndham Championship,2020-08-13T01:08:04.469514,estk_0faf42f669e2a6f364349aca49ddf059,evt_0faf42f669e2a6f3,Austin Cook,PGA,49,49,0,0,1.3200,1.3800,2.8400,
$2K Wyndham Championship,2020-08-13T01:08:04.469517,estk_0faf42f669e2a6f360e6f2aa7e058964,evt_0faf42f669e2a6f3,Tommy Fleetwood,PGA,0,0,0,0,1.0000,1.0000,2.5200,
$2K Wyndham Championship,2020-08-13T01:08:04.469521,estk_0faf42f669e2a6f3bd95a61ddc89f373,evt_0faf42f669e2a6f3,Vaughn Taylor,PGA,0,0,0,0,1.0000,1.0000,2.5200,
$2K Wyndham Championship,2020-08-13T01:08:04.469525,estk_0faf42f669e2a6f3277e17576c06f23a,evt_0faf42f669e2a6f3,Abraham Ancer,PGA,0,0,0,0,1.0000,1.0000,2.5200,
$2K Wyndham Championship,2020-08-13T01:08:04.469529,estk_0faf42f669e2a6f3af335bc9711cd18a,evt_0faf42f669e2a6f3,Lanto Griffin,PGA,0,0,0,0,1.0000,1.0000,2.5200,
$2K Wyndham Championship,2020-08-13T11:08:29.905274,estk_0faf42f669e2a6f360e6f2aa7e058964,evt_0faf42f669e2a6f3,Tommy Fleetwood,PGA,0,0,0,1,1.0000,1.0000,2.5200,
$2K Wyndham Championship,2020-08-13T11:08:29.905278,estk_0faf42f669e2a6f3bd95a61ddc89f373,evt_0faf42f669e2a6f3,Vaughn Taylor,PGA,0,0,0,1,1.0000,1.0000,2.5200,
$2K Wyndham Championship,2020-08-13T11:08:29.905283,estk_0faf42f669e2a6f3277e17576c06f23a,evt_0faf42f669e2a6f3,Abraham Ancer,PGA,0,0,0,1,1.0000,1.0000,2.5200,
$2K Wyndham Championship,2020-08-13T11:08:29.905287,estk_0faf42f669e2a6f3af335bc9711cd18a,evt_0faf42f669e2a6f3,Lanto Griffin,PGA,0,0,0,1,1.0000,1.0000,2.5200,
$2K Wyndham Championship,2020-08-13T11:38:31.414977,estk_0faf42f669e2a6f3170130e9fa731e23,evt_0faf42f669e2a6f3,Jason Kokrak,PGA,69.7,69,0,0.01,6.7800,6.8200,8.8100,
$2K Wyndham Championship,2020-08-13T11:38:31.415097,estk_0faf42f669e2a6f333cbfa0bc2c99848,evt_0faf42f669e2a6f3,Charley Hoffman,PGA,63.29,63.66,1,0.01,4.2800,4.0100,5.7300,
$2K Wyndham Championship,2020-08-13T11:38:31.415180,estk_0faf42f669e2a6f352583207eaa894b7,evt_0faf42f669e2a6f3,Scott Stallings,PGA,59.87,60.27,1,0.01,3.1400,2.9600,4.6100,
$2K Wyndham Championship,2020-08-13T11:38:31.415202,estk_0faf42f669e2a6f3edbbe9a8a4e2367d,evt_0faf42f669e2a6f3,Maverick McNealy,PGA,59.19,59.6,1,0.01,2.9400,2.7800,4.4200,
$2K Wyndham Championship,2020-08-13T11:38:31.415389,estk_0faf42f669e2a6f39a1bbfc930ac6051,evt_0faf42f669e2a6f3,Robert Streb,PGA,49.37,49.88,1,0.01,1.3600,1.4200,2.8800,
$2K Wyndham Championship,2020-08-13T11:48:31.940576,estk_0faf42f669e2a6f3170130e9fa731e23,evt_0faf42f669e2a6f3,Jason Kokrak,PGA,69.7,68.61,1,0.03,6.5000,6.8200,8.1500,
$2K Wyndham Championship,2020-08-13T11:48:31.940678,estk_0faf42f669e2a6f31d4f740cf9f348cc,evt_0faf42f669e2a6f3,Wyndham Clark,PGA,63.78,65.14,2,0.01,4.9100,4.1900,6.4700,
$2K Wyndham Championship,2020-08-13T11:48:31.940691,estk_0faf42f669e2a6f3bdc437a37a2c4345,evt_0faf42f669e2a6f3,Patrick Rodgers,PGA,65.45,64.8,0,0.01,4.7600,4.8300,6.6400,
$2K Wyndham Championship,2020-08-13T11:48:31.940762,estk_0faf42f669e2a6f333cbfa0bc2c99848,evt_0faf42f669e2a6f3,Charley Hoffman,PGA,63.29,62.39,1,0.03,3.7800,4.0100,5.7300,
$2K Wyndham Championship,2020-08-13T11:48:31.940770,estk_0faf42f669e2a6f340e1350656ce7a59,evt_0faf42f669e2a6f3,Brian Stuard,PGA,61.65,62.03,1,0.01,3.7100,3.4700,5.1500,
$2K Wyndham Championship,2020-08-13T11:48:31.940822,estk_0faf42f669e2a6f352583207eaa894b7,evt_0faf42f669e2a6f3,Scott Stallings,PGA,59.87,60.07,2,0.03,3.0700,2.9600,4.6100,
$2K Wyndham Championship,2020-08-13T11:48:31.940843,estk_0faf42f669e2a6f3edbbe9a8a4e2367d,evt_0faf42f669e2a6f3,Maverick McNealy,PGA,59.19,59.41,2,0.03,2.8700,2.7800,4.4200,
$2K Wyndham Championship,2020-08-13T11:48:31.940861,estk_0faf42f669e2a6f35a15f2b217b495d5,evt_0faf42f669e2a6f3,Adam Schenk,PGA,59,58.41,0,0.01,2.6400,2.7300,4.3900,
$2K Wyndham Championship,2020-08-13T11:48:31.940948,estk_0faf42f669e2a6f39833b63def7a8a43,evt_0faf42f669e2a6f3,Scott Harrington,PGA,53.36,52.83,0,0.01,1.6500,1.7900,3.2600,
$2K Wyndham Championship,2020-08-13T11:48:31.940951,estk_0faf42f669e2a6f345d0540e3088a5bb,evt_0faf42f669e2a6f3,John Senden,PGA,52.32,52.8,1,0.01,1.6500,1.6700,3.1500,
$2K Wyndham Championship,2020-08-13T11:48:31.941028,estk_0faf42f669e2a6f39a1bbfc930ac6051,evt_0faf42f669e2a6f3,Robert Streb,PGA,49.37,49.89,2,0.03,1.3400,1.4200,2.8800,
$2K Wyndham Championship,2020-08-13T11:59:28.208398,estk_0faf42f669e2a6f3e64a0e6fb2b31683,evt_0faf42f669e2a6f3,Rafa Cabrera Bello,PGA,71.6,70.88,0,0.01,7.9600,7.8600,9.9700,
$2K Wyndham Championship,2020-08-13T11:59:28.208518,estk_0faf42f669e2a6f3bdc437a37a2c4345,evt_0faf42f669e2a6f3,Patrick Rodgers,PGA,65.45,64.49,1,0.03,4.6200,4.8300,6.6400,
$2K Wyndham Championship,2020-08-13T11:59:28.208564,estk_0faf42f669e2a6f3d3db04808a1c74b0,evt_0faf42f669e2a6f3,Jhonattan Vegas,PGA,63.3,62.67,0,0.01,3.9300,4.0100,5.7400,
$2K Wyndham Championship,2020-08-13T11:59:28.208572,estk_0faf42f669e2a6f333cbfa0bc2c99848,evt_0faf42f669e2a6f3,Charley Hoffman,PGA,63.29,62.76,2,0.04,3.9100,4.0100,5.7300,
$2K Wyndham Championship,2020-08-13T11:59:28.208687,estk_0faf42f669e2a6f39e26fd7ec152425f,evt_0faf42f669e2a6f3,David Hearn,PGA,59,59.41,1,0.01,2.8800,2.7400,4.3800,
$2K Wyndham Championship,2020-08-13T11:59:28.208691,estk_0faf42f669e2a6f34e281614612a121e,evt_0faf42f669e2a6f3,Nick Watney,PGA,59.96,59.36,0,0.01,2.8700,2.9800,4.6400,
$2K Wyndham Championship,2020-08-13T11:59:28.208747,estk_0faf42f669e2a6f363ec4e5033098e73,evt_0faf42f669e2a6f3,Charl Schwartzel,PGA,56.64,56.07,0,0.01,2.1300,2.2800,3.8200,
$2K Wyndham Championship,2020-08-13T11:59:28.208772,estk_0faf42f669e2a6f3408e07cab14ecb5c,evt_0faf42f669e2a6f3,Kyoung-Hoon Lee,PGA,54.78,54.23,0,0.01,1.8300,1.9800,3.4900,
$2K Wyndham Championship,2020-08-13T11:59:28.208817,estk_0faf42f669e2a6f345d0540e3088a5bb,evt_0faf42f669e2a6f3,John Senden,PGA,52.32,52.75,2,0.03,1.6000,1.6700,3.1500,
$2K Wyndham Championship,2020-08-13T11:59:28.208821,estk_0faf42f669e2a6f39833b63def7a8a43,evt_0faf42f669e2a6f3,Scott Harrington,PGA,53.36,52.76,1,0.03,1.5900,1.7900,3.2600,
$2K Wyndham Championship,2020-08-13T11:59:28.208869,estk_0faf42f669e2a6f39a1bbfc930ac6051,evt_0faf42f669e2a6f3,Robert Streb,PGA,49.37,50.4,3,0.04,1.3700,1.4200,2.8800,
$2K Wyndham Championship,2020-08-13T12:09:28.772490,estk_0faf42f669e2a6f356ab6ba90ba02e56,evt_0faf42f669e2a6f3,Joaquin Niemann,PGA,69.43,69.74,1,0.01,7.1600,6.6600,8.6400,
$2K Wyndham Championship,2020-08-13T12:09:28.772518,estk_0faf42f669e2a6f3170130e9fa731e23,evt_0faf42f669e2a6f3,Jason Kokrak,PGA,69.7,67.91,1,0.04,6.1200,6.8200,8.1500,
$2K Wyndham Championship,2020-08-13T12:09:28.772562,estk_0faf42f669e2a6f31e0083f260619709,evt_0faf42f669e2a6f3,Sebastian Munoz,PGA,65.05,65.4,1,0.01,5.0400,4.6700,6.4700,
$2K Wyndham Championship,2020-08-13T12:09:28.772592,estk_0faf42f669e2a6f3bdc437a37a2c4345,evt_0faf42f669e2a6f3,Patrick Rodgers,PGA,65.45,64.83,2,0.04,4.7300,4.8300,6.6400,
$2K Wyndham Championship,2020-08-13T12:09:28.772661,estk_0faf42f669e2a6f31d4f740cf9f348cc,evt_0faf42f669e2a6f3,Wyndham Clark,PGA,63.78,63.87,2,0.03,4.3400,4.1900,5.9300,
$2K Wyndham Championship,2020-08-13T12:09:28.772738,estk_0faf42f669e2a6f340e1350656ce7a59,evt_0faf42f669e2a6f3,Brian Stuard,PGA,61.65,60.8,1,0.03,3.3000,3.4700,5.1500,
$2K Wyndham Championship,2020-08-13T12:09:28.772785,estk_0faf42f669e2a6f352583207eaa894b7,evt_0faf42f669e2a6f3,Scott Stallings,PGA,59.87,59.48,2,0.04,2.8700,2.9600,4.6100,
$2K Wyndham Championship,2020-08-13T12:09:28.772789,estk_0faf42f669e2a6f35a15f2b217b495d5,evt_0faf42f669e2a6f3,Adam Schenk,PGA,59,59.23,2,0.03,2.8700,2.7300,4.3900,
$2K Wyndham Championship,2020-08-13T12:09:28.772801,estk_0faf42f669e2a6f3edbbe9a8a4e2367d,evt_0faf42f669e2a6f3,Maverick McNealy,PGA,59.19,58.82,2,0.04,2.7100,2.7800,4.4200,
$2K Wyndham Championship,2020-08-13T12:09:28.772841,estk_0faf42f669e2a6f3545854725c047326,evt_0faf42f669e2a6f3,Pat Perez,PGA,55.92,56.36,1,0.01,2.2200,2.1600,3.6900,
$2K Wyndham Championship,2020-08-13T12:09:28.772895,estk_0faf42f669e2a6f3a9cf9571ae8d1395,evt_0faf42f669e2a6f3,Adam Long,PGA,52.51,52.98,1,0.01,1.7000,1.6800,3.1600,
$2K Wyndham Championship,2020-08-13T12:09:28.772899,estk_0faf42f669e2a6f345d0540e3088a5bb,evt_0faf42f669e2a6f3,John Senden,PGA,52.32,53.23,3,0.04,1.6900,1.6700,3.1500,
$2K Wyndham Championship,2020-08-13T12:09:28.772903,estk_0faf42f669e2a6f39833b63def7a8a43,evt_0faf42f669e2a6f3,Scott Harrington,PGA,53.36,53.23,2,0.04,1.6800,1.7900,3.2600,
$2K Wyndham Championship,2020-08-13T12:09:28.772980,estk_0faf42f669e2a6f364349aca49ddf059,evt_0faf42f669e2a6f3,Austin Cook,PGA,49,48.51,0,0.01,1.2900,1.3800,2.8400,
$2K Wyndham Championship,2020-08-13T12:19:29.335585,estk_0faf42f669e2a6f3e64a0e6fb2b31683,evt_0faf42f669e2a6f3,Rafa Cabrera Bello,PGA,71.6,71.45,2,0.03,8.1200,7.8600,9.4500,6.5100
$2K Wyndham Championship,2020-08-13T12:19:29.335590,estk_0faf42f669e2a6f3a251d6b9cc0a07e5,evt_0faf42f669e2a6f3,Sungjae Im,PGA,70.86,71.15,1,0.01,7.9900,7.4600,9.4700,6.3500
$2K Wyndham Championship,2020-08-13T12:19:29.335650,estk_0faf42f669e2a6f3170130e9fa731e23,evt_0faf42f669e2a6f3,Jason Kokrak,PGA,69.7,66.52,1,0.06,5.4600,6.8200,7.0100,4.5400
$2K Wyndham Championship,2020-08-13T12:19:29.335717,estk_0faf42f669e2a6f34fd2025821f57a83,evt_0faf42f669e2a6f3,Brendon Todd,PGA,64.1,64.46,1,0.01,4.6300,4.3200,6.0500,3.0600
$2K Wyndham Championship,2020-08-13T12:19:29.335729,estk_0faf42f669e2a6f31d4f740cf9f348cc,evt_0faf42f669e2a6f3,Wyndham Clark,PGA,63.78,64.23,3,0.04,4.4800,4.1900,5.9300,2.9000
$2K Wyndham Championship,2020-08-13T12:19:29.335775,estk_0faf42f669e2a6f333cbfa0bc2c99848,evt_0faf42f669e2a6f3,Charley Hoffman,PGA,63.29,62.49,3,0.06,3.7800,5.7300,5.3700,2.3400
$2K Wyndham Championship,2020-08-13T12:19:29.335804,estk_0faf42f669e2a6f340e1350656ce7a59,evt_0faf42f669e2a6f3,Brian Stuard,PGA,61.65,61.18,2,0.04,3.3900,3.4700,5.1500,1.8300
$2K Wyndham Championship,2020-08-13T12:19:29.335828,estk_0faf42f669e2a6f3d3db04808a1c74b0,evt_0faf42f669e2a6f3,Jhonattan Vegas,PGA,63.3,60.4,-1,0.03,3.1700,4.0100,4.7300,2.3500
$2K Wyndham Championship,2020-08-13T12:19:29.335836,estk_0faf42f669e2a6f34e3c375c77ca101d,evt_0faf42f669e2a6f3,Tyler Duncan,PGA,59.65,60.05,1,0.01,3.1300,4.5400,4.5400,1.6600
$2K Wyndham Championship,2020-08-13T12:19:29.335840,estk_0faf42f669e2a6f34e281614612a121e,evt_0faf42f669e2a6f3,Nick Watney,PGA,59.96,60.16,2,0.03,3.1100,2.9800,4.6400,1.5600
$2K Wyndham Championship,2020-08-13T12:19:29.335843,estk_0faf42f669e2a6f352583207eaa894b7,evt_0faf42f669e2a6f3,Scott Stallings,PGA,59.87,60.28,4,0.06,3.0600,4.6100,4.6100,1.5500
$2K Wyndham Championship,2020-08-13T12:19:29.335858,estk_0faf42f669e2a6f35a15f2b217b495d5,evt_0faf42f669e2a6f3,Adam Schenk,PGA,59,59.64,3,0.04,2.9400,2.7300,4.3900,1.5600
$2K Wyndham Championship,2020-08-13T12:19:29.335862,estk_0faf42f669e2a6f3edbbe9a8a4e2367d,evt_0faf42f669e2a6f3,Maverick McNealy,PGA,59.19,59.64,4,0.06,2.9100,2.7800,4.4200,1.6600
$2K Wyndham Championship,2020-08-13T12:19:29.335869,estk_0faf42f669e2a6f39e26fd7ec152425f,evt_0faf42f669e2a6f3,David Hearn,PGA,59,59.23,2,0.03,2.8900,2.7400,4.3800,1.3700
$2K Wyndham Championship,2020-08-13T12:19:29.335880,estk_0faf42f669e2a6f36e6bae282dbde85d,evt_0faf42f669e2a6f3,Jason Dufner,PGA,58.22,58.64,1,0.01,2.7300,2.5800,4.1800,1.8300
$2K Wyndham Championship,2020-08-13T12:19:29.335925,estk_0faf42f669e2a6f363ec4e5033098e73,evt_0faf42f669e2a6f3,Charl Schwartzel,PGA,56.64,55.94,1,0.03,2.1200,2.2800,3.8200,
$2K Wyndham Championship,2020-08-13T12:19:29.335970,estk_0faf42f669e2a6f3408e07cab14ecb5c,evt_0faf42f669e2a6f3,Kyoung-Hoon Lee,PGA,54.78,53.14,0,0.03,1.7000,3.4900,3.4100,
$2K Wyndham Championship,2020-08-13T12:19:29.336045,estk_0faf42f669e2a6f39a1bbfc930ac6051,evt_0faf42f669e2a6f3,Robert Streb,PGA,49.37,49.41,3,0.06,1.3200,1.4200,2.8800,
$2K Wyndham Championship,2020-08-13T12:29:29.769336,estk_0faf42f669e2a6f3503f60443b3bd112,evt_0faf42f669e2a6f3,Webb Simpson,PGA,79.15,79.36,1,0.01,13.5000,12.6300,15.1600,11.6400
$2K Wyndham Championship,2020-08-13T12:29:29.769371,estk_0faf42f669e2a6f330ccd165c4aa611d,evt_0faf42f669e2a6f3,Brooks Koepka,PGA,76.15,76.39,1,0.01,11.3700,10.6900,12.9500,9.5500
$2K Wyndham Championship,2020-08-13T12:29:29.769375,estk_0faf42f669e2a6f3db5881f101cec470,evt_0faf42f669e2a6f3,Justin Rose,PGA,74.58,73.83,0,0.01,9.6400,9.6600,11.2900,8.5400
$2K Wyndham Championship,2020-08-13T12:29:29.769380,estk_0faf42f669e2a6f3e64a0e6fb2b31683,evt_0faf42f669e2a6f3,Rafa Cabrera Bello,PGA,71.6,71.74,3,0.04,8.2800,7.8600,9.4500,6.5100
$2K Wyndham Championship,2020-08-13T12:29:29.769403,estk_0faf42f669e2a6f32ab98d8a9a770fd5,evt_0faf42f669e2a6f3,Jordan Spieth,PGA,69.68,69.98,1,0.01,7.2500,6.8000,8.7400,5.5400
$2K Wyndham Championship,2020-08-13T12:29:29.769407,estk_0faf42f669e2a6f356ab6ba90ba02e56,evt_0faf42f669e2a6f3,Joaquin Niemann,PGA,69.43,69.35,2,0.03,6.8900,6.6600,8.6400,5.5900
$2K Wyndham Championship,2020-08-13T12:29:29.769433,estk_0faf42f669e2a6f3170130e9fa731e23,evt_0faf42f669e2a6f3,Jason Kokrak,PGA,69.7,67.82,3,0.07,5.9900,6.8200,7.6400,4.5400
$2K Wyndham Championship,2020-08-13T12:29:29.769448,estk_0faf42f669e2a6f31ce4da0ea7a969fb,evt_0faf42f669e2a6f3,Kevin Tway,PGA,66.02,66.36,1,0.01,5.4600,5.0800,6.9100,3.7300
$2K Wyndham Championship,2020-08-13T12:29:29.769451,estk_0faf42f669e2a6f33544479351e1ff63,evt_0faf42f669e2a6f3,Billy Horschel,PGA,66.02,66.36,1,0.01,5.4300,5.0800,6.8900,3.7300
$2K Wyndham Championship,2020-08-13T12:29:29.769491,estk_0faf42f669e2a6f31e0083f260619709,evt_0faf42f669e2a6f3,Sebastian Munoz,PGA,65.05,65.1,2,0.03,4.8600,4.6700,6.4700,3.4600
$2K Wyndham Championship,2020-08-13T12:29:29.769513,estk_0faf42f669e2a6f3bdc437a37a2c4345,evt_0faf42f669e2a6f3,Patrick Rodgers,PGA,65.45,64.52,3,0.06,4.5000,4.8300,6.1200,3.1500
$2K Wyndham Championship,2020-08-13T12:29:29.769629,estk_0faf42f669e2a6f333cbfa0bc2c99848,evt_0faf42f669e2a6f3,Charley Hoffman,PGA,63.29,62.86,4,0.07,3.9000,5.7300,5.3700,2.3400
$2K Wyndham Championship,2020-08-13T12:29:29.769659,estk_0faf42f669e2a6f3d3db04808a1c74b0,evt_0faf42f669e2a6f3,Jhonattan Vegas,PGA,63.3,61.77,1,0.04,3.5700,4.0100,4.7300,1.6200
$2K Wyndham Championship,2020-08-13T12:29:29.769662,estk_0faf42f669e2a6f317a7bca076b02aaf,evt_0faf42f669e2a6f3,Patton Kizzire,PGA,60.1,61.5,2,0.01,3.5400,3.0100,4.6600,1.6300
$2K Wyndham Championship,2020-08-13T12:29:29.769688,estk_0faf42f669e2a6f34e3c375c77ca101d,evt_0faf42f669e2a6f3,Tyler Duncan,PGA,59.65,60.86,3,0.03,3.3000,4.5400,4.5400,1.6600
$2K Wyndham Championship,2020-08-13T12:29:29.769703,estk_0faf42f669e2a6f39e26fd7ec152425f,evt_0faf42f669e2a6f3,David Hearn,PGA,59,60.64,4,0.04,3.2100,2.7400,4.3800,1.3700
$2K Wyndham Championship,2020-08-13T12:29:29.769728,estk_0faf42f669e2a6f34e281614612a121e,evt_0faf42f669e2a6f3,Nick Watney,PGA,59.96,59.56,2,0.04,2.9000,2.9800,4.6400,1.5600
$2K Wyndham Championship,2020-08-13T12:29:29.769738,estk_0faf42f669e2a6f35a15f2b217b495d5,evt_0faf42f669e2a6f3,Adam Schenk,PGA,59,59.46,4,0.06,2.8500,2.7300,4.3900,1.5600
$2K Wyndham Championship,2020-08-13T12:29:29.769770,estk_0faf42f669e2a6f3545854725c047326,evt_0faf42f669e2a6f3,Pat Perez,PGA,55.92,57.68,4,0.04,2.4600,2.1600,3.6900,
$2K Wyndham Championship,2020-08-13T12:29:29.769784,estk_0faf42f669e2a6f363ec4e5033098e73,evt_0faf42f669e2a6f3,Charl Schwartzel,PGA,56.64,56.37,2,0.04,2.1800,2.2800,3.8200,
$2K Wyndham Championship,2020-08-13T12:29:29.769822,estk_0faf42f669e2a6f3408e07cab14ecb5c,evt_0faf42f669e2a6f3,Kyoung-Hoon Lee,PGA,54.78,53.59,1,0.04,1.7400,3.4900,3.4100,
$2K Wyndham Championship,2020-08-13T12:29:29.769832,estk_0faf42f669e2a6f39833b63def7a8a43,evt_0faf42f669e2a6f3,Scott Harrington,PGA,53.36,53.16,3,0.06,1.6700,3.2600,3.2300,
$2K Wyndham Championship,2020-08-13T12:29:29.769840,estk_0faf42f669e2a6f345d0540e3088a5bb,evt_0faf42f669e2a6f3,John Senden,PGA,52.32,53.18,4,0.06,1.6700,3.1500,3.1500,
$2K Wyndham Championship,2020-08-13T12:29:29.769892,estk_0faf42f669e2a6f3a9cf9571ae8d1395,evt_0faf42f669e2a6f3,Adam Long,PGA,52.51,50.93,0,0.03,1.4600,1.6800,3.1600,
$2K Wyndham Championship,2020-08-13T12:29:29.769909,estk_0faf42f669e2a6f364349aca49ddf059,evt_0faf42f669e2a6f3,Austin Cook,PGA,49,50.04,3,0.04,1.3700,2.8400,2.8200,
$2K Wyndham Championship,2020-08-13T12:29:29.769916,estk_0faf42f669e2a6f39a1bbfc930ac6051,evt_0faf42f669e2a6f3,Robert Streb,PGA,49.37,49.91,4,0.07,1.3300,1.4200,2.8800,
$2K Wyndham Championship,2020-08-13T12:39:30.286014,estk_0faf42f669e2a6f3503f60443b3bd112,evt_0faf42f669e2a6f3,Webb Simpson,PGA,79.15,78.78,2,0.03,13.1200,12.6300,15.1600,11.6400
$2K Wyndham Championship,2020-08-13T12:39:30.286072,estk_0faf42f669e2a6f3a251d6b9cc0a07e5,evt_0faf42f669e2a6f3,Sungjae Im,PGA,70.86,70.73,2,0.03,7.7300,7.4600,9.4700,6.3500
$2K Wyndham Championship,2020-08-13T12:39:30.286095,estk_0faf42f669e2a6f356ab6ba90ba02e56,evt_0faf42f669e2a6f3,Joaquin Niemann,PGA,69.43,68.65,2,0.04,6.5300,6.6600,8.6400,5.5900
$2K Wyndham Championship,2020-08-13T12:39:30.286149,estk_0faf42f669e2a6f337a8104a8070199b,evt_0faf42f669e2a6f3,Ryan Armour,PGA,65.44,65.79,1,0.01,5.1900,4.8300,6.6200,3.4800
$2K Wyndham Championship,2020-08-13T12:39:30.286172,estk_0faf42f669e2a6f31e0083f260619709,evt_0faf42f669e2a6f3,Sebastian Munoz,PGA,65.05,65.45,3,0.04,4.9800,4.6700,6.4700,3.4600
$2K Wyndham Championship,2020-08-13T12:39:30.286198,estk_0faf42f669e2a6f3499f65e84c5a381b,evt_0faf42f669e2a6f3,Jim Furyk,PGA,63.77,64.13,1,0.01,4.5000,4.1700,5.9100,2.8300
$2K Wyndham Championship,2020-08-13T12:39:30.286202,estk_0faf42f669e2a6f34fd2025821f57a83,evt_0faf42f669e2a6f3,Brendon Todd,PGA,64.1,64.18,2,0.03,4.4500,4.3200,6.0500,3.0600
$2K Wyndham Championship,2020-08-13T12:39:30.286214,estk_0faf42f669e2a6f31d4f740cf9f348cc,evt_0faf42f669e2a6f3,Wyndham Clark,PGA,63.78,63.95,4,0.06,4.3200,4.1900,5.9300,2.9000
$2K Wyndham Championship,2020-08-13T12:39:30.286232,estk_0faf42f669e2a6f3d6797fef070c38d6,evt_0faf42f669e2a6f3,Brice Garnett,PGA,62.7,63.07,1,0.01,4.0700,3.8200,5.5300,2.7500
$2K Wyndham Championship,2020-08-13T12:39:30.286255,estk_0faf42f669e2a6f317a7bca076b02aaf,evt_0faf42f669e2a6f3,Patton Kizzire,PGA,60.1,62.3,4,0.03,3.7700,3.0100,5.3400,1.6300
$2K Wyndham Championship,2020-08-13T12:39:30.286262,estk_0faf42f669e2a6f34e3c375c77ca101d,evt_0faf42f669e2a6f3,Tyler Duncan,PGA,59.65,62.26,5,0.04,3.7500,4.5400,5.3400,1.6600
$2K Wyndham Championship,2020-08-13T12:39:30.286313,estk_0faf42f669e2a6f3d3db04808a1c74b0,evt_0faf42f669e2a6f3,Jhonattan Vegas,PGA,63.3,60.5,1,0.06,3.1400,4.0100,4.7300,1.6200
$2K Wyndham Championship,2020-08-13T12:39:30.286317,estk_0faf42f669e2a6f39e26fd7ec152425f,evt_0faf42f669e2a6f3,David Hearn,PGA,59,60.46,5,0.06,3.1400,2.7400,4.3800,1.5700
$2K Wyndham Championship,2020-08-13T12:39:30.286321,estk_0faf42f669e2a6f3edbbe9a8a4e2367d,evt_0faf42f669e2a6f3,Maverick McNealy,PGA,59.19,60.05,5,0.07,3.0000,2.7800,4.4200,1.6600
$2K Wyndham Championship,2020-08-13T12:39:30.286325,estk_0faf42f669e2a6f340e1350656ce7a59,evt_0faf42f669e2a6f3,Brian Stuard,PGA,61.65,59.95,2,0.06,2.9700,3.4700,4.5400,1.8300
$2K Wyndham Championship,2020-08-13T12:39:30.286344,estk_0faf42f669e2a6f352583207eaa894b7,evt_0faf42f669e2a6f3,Scott Stallings,PGA,59.87,59.68,4,0.07,2.9000,4.6100,4.6100,1.5500
$2K Wyndham Championship,2020-08-13T12:39:30.286387,estk_0faf42f669e2a6f36e6bae282dbde85d,evt_0faf42f669e2a6f3,Jason Dufner,PGA,58.22,57.47,1,0.03,2.4300,2.5800,4.1800,1.2000
$2K Wyndham Championship,2020-08-13T12:39:30.286404,estk_0faf42f669e2a6f363ec4e5033098e73,evt_0faf42f669e2a6f3,Charl Schwartzel,PGA,56.64,56.24,3,0.06,2.1300,2.2800,3.8200,
$2K Wyndham Championship,2020-08-13T12:39:30.286426,estk_0faf42f669e2a6f3408e07cab14ecb5c,evt_0faf42f669e2a6f3,Kyoung-Hoon Lee,PGA,54.78,54.49,3,0.06,1.8400,3.4900,3.4100,
$2K Wyndham Championship,2020-08-13T12:39:30.286474,estk_0faf42f669e2a6f3a9cf9571ae8d1395,evt_0faf42f669e2a6f3,Adam Long,PGA,52.51,52.41,2,0.04,1.6000,1.6800,3.1600,
$2K Wyndham Championship,2020-08-13T12:39:30.286512,estk_0faf42f669e2a6f3287d78ec15ac0462,evt_0faf42f669e2a6f3,Martin Trainer,PGA,50.26,50.76,1,0.01,1.4700,1.4700,2.9500,
$2K Wyndham Championship,2020-08-13T12:49:30.814048,estk_0faf42f669e2a6f3503f60443b3bd112,evt_0faf42f669e2a6f3,Webb Simpson,PGA,79.15,78.98,3,0.04,13.4100,12.6300,15.1600,11.6400
$2K Wyndham Championship,2020-08-13T12:49:30.814080,estk_0faf42f669e2a6f330ccd165c4aa611d,evt_0faf42f669e2a6f3,Brooks Koepka,PGA,76.15,75.1,2,0.04,10.5700,10.6900,12.2500,9.5500
$2K Wyndham Championship,2020-08-13T12:49:30.814085,estk_0faf42f669e2a6f3db5881f101cec470,evt_0faf42f669e2a6f3,Justin Rose,PGA,74.58,72.34,0,0.03,8.7500,9.6600,10.3700,7.0200
$2K Wyndham Championship,2020-08-13T12:49:30.814089,estk_0faf42f669e2a6f3e64a0e6fb2b31683,evt_0faf42f669e2a6f3,Rafa Cabrera Bello,PGA,71.6,71.59,5,0.07,8.2500,7.8600,9.4800,6.5200
$2K Wyndham Championship,2020-08-13T12:49:30.814098,estk_0faf42f669e2a6f3a251d6b9cc0a07e5,evt_0faf42f669e2a6f3,Sungjae Im,PGA,70.86,71.03,3,0.04,7.8800,7.4600,9.4700,6.3500
$2K Wyndham Championship,2020-08-13T12:49:30.814114,estk_0faf42f669e2a6f32ab98d8a9a770fd5,evt_0faf42f669e2a6f3,Jordan Spieth,PGA,69.68,69.59,2,0.03,7.0900,6.8000,8.7400,5.5400
$2K Wyndham Championship,2020-08-13T12:49:30.814121,estk_0faf42f669e2a6f31fc545ba8ac8cb0b,evt_0faf42f669e2a6f3,Rory Sabbatini,PGA,68.41,68.73,1,0.01,6.6400,6.1600,8.1300,4.9300
$2K Wyndham Championship,2020-08-13T12:49:30.814130,estk_0faf42f669e2a6f3d8f0d69f88d3691a,evt_0faf42f669e2a6f3,Doc Redman,PGA,68.27,68.59,1,0.01,6.5900,6.0900,8.0100,4.9700
$2K Wyndham Championship,2020-08-13T12:49:30.814145,estk_0faf42f669e2a6f3170130e9fa731e23,evt_0faf42f669e2a6f3,Jason Kokrak,PGA,69.7,68.12,4,0.08,6.2100,6.8200,7.6400,4.5800
$2K Wyndham Championship,2020-08-13T12:49:30.814149,estk_0faf42f669e2a6f33544479351e1ff63,evt_0faf42f669e2a6f3,Billy Horschel,PGA,66.02,67.38,4,0.04,5.9200,5.0800,7.5100,3.7300
$2K Wyndham Championship,2020-08-13T12:49:30.814153,estk_0faf42f669e2a6f31ce4da0ea7a969fb,evt_0faf42f669e2a6f3,Kevin Tway,PGA,66.02,67.38,4,0.04,5.9100,5.0800,7.4900,4.3100
$2K Wyndham Championship,2020-08-13T12:49:30.814190,estk_0faf42f669e2a6f3a5e32548021abe19,evt_0faf42f669e2a6f3,Chez Reavie,PGA,65.24,65.59,1,0.01,5.1000,4.7600,6.5300,3.5400
$2K Wyndham Championship,2020-08-13T12:49:30.814194,estk_0faf42f669e2a6f337a8104a8070199b,evt_0faf42f669e2a6f3,Ryan Armour,PGA,65.44,65.48,2,0.03,5.0600,4.8300,6.6200,3.4800
$2K Wyndham Championship,2020-08-13T12:49:30.814198,estk_0faf42f669e2a6f3f8ddff16f2dbed28,evt_0faf42f669e2a6f3,Corey Conners,PGA,65.07,65.42,1,0.01,5.0500,4.6800,6.4500,3.4600
$2K Wyndham Championship,2020-08-13T12:49:30.814205,estk_0faf42f669e2a6f33a3fd2efe45d4190,evt_0faf42f669e2a6f3,Harold Varner III,PGA,64.62,64.97,1,0.01,4.8600,4.4800,6.2700,3.1300
$2K Wyndham Championship,2020-08-13T12:49:30.814210,estk_0faf42f669e2a6f31e0083f260619709,evt_0faf42f669e2a6f3,Sebastian Munoz,PGA,65.05,65.15,4,0.06,4.8400,4.6700,6.4700,3.4600
$2K Wyndham Championship,2020-08-13T12:49:30.814217,estk_0faf42f669e2a6f3bdc437a37a2c4345,evt_0faf42f669e2a6f3,Patrick Rodgers,PGA,65.45,64.87,4,0.07,4.6900,4.8300,6.1200,3.1500
$2K Wyndham Championship,2020-08-13T12:49:30.814225,estk_0faf42f669e2a6f34fd2025821f57a83,evt_0faf42f669e2a6f3,Brendon Todd,PGA,64.1,64.54,3,0.04,4.6300,4.3200,6.0500,3.0600
$2K Wyndham Championship,2020-08-13T12:49:30.814233,estk_0faf42f669e2a6f31d4f740cf9f348cc,evt_0faf42f669e2a6f3,Wyndham Clark,PGA,63.78,64.32,5,0.07,4.4600,4.1900,5.9300,2.9000
$2K Wyndham Championship,2020-08-13T12:49:30.814245,estk_0faf42f669e2a6f333cbfa0bc2c99848,evt_0faf42f669e2a6f3,Charley Hoffman,PGA,63.29,63.96,7,0.1,4.2600,5.7300,5.7300,2.7000
$2K Wyndham Championship,2020-08-13T12:49:30.814263,estk_0faf42f669e2a6f3499f65e84c5a381b,evt_0faf42f669e2a6f3,Jim Furyk,PGA,63.77,62.86,1,0.03,4.0000,4.1700,5.9100,2.8300
$2K Wyndham Championship,2020-08-13T12:49:30.814270,estk_0faf42f669e2a6f3d6797fef070c38d6,evt_0faf42f669e2a6f3,Brice Garnett,PGA,62.7,62.82,2,0.03,3.9700,3.8200,5.5300,2.7500
$2K Wyndham Championship,2020-08-13T12:49:30.814282,estk_0faf42f669e2a6f317a7bca076b02aaf,evt_0faf42f669e2a6f3,Patton Kizzire,PGA,60.1,62.7,5,0.04,3.9100,3.0100,5.3400,2.3200
$2K Wyndham Championship,2020-08-13T12:49:30.814289,estk_0faf42f669e2a6f3bb1c6041a03f12aa,evt_0faf42f669e2a6f3,Grayson Murray,PGA,61.56,61.94,1,0.01,3.7300,3.4300,5.1100,2.0500
$2K Wyndham Championship,2020-08-13T12:49:30.814300,estk_0faf42f669e2a6f34e3c375c77ca101d,evt_0faf42f669e2a6f3,Tyler Duncan,PGA,59.65,62.07,6,0.06,3.6400,4.5400,5.3400,1.6600
$2K Wyndham Championship,2020-08-13T12:49:30.814311,estk_0faf42f669e2a6f38c0c59e9f95a36fc,evt_0faf42f669e2a6f3,Graeme McDowell,PGA,63.04,61.41,-1,0.01,3.5200,5.6700,5.1200,2.5600
$2K Wyndham Championship,2020-08-13T12:49:30.814332,estk_0faf42f669e2a6f3a994dc6df42c2b1e,evt_0faf42f669e2a6f3,Nate Lashley,PGA,60.22,60.62,1,0.01,3.2600,4.7100,4.7100,1.6300
$2K Wyndham Championship,2020-08-13T12:49:30.814343,estk_0faf42f669e2a6f340e1350656ce7a59,evt_0faf42f669e2a6f3,Brian Stuard,PGA,61.65,60.33,3,0.07,3.0900,3.4700,4.5400,1.8300
$2K Wyndham Championship,2020-08-13T12:49:30.814347,estk_0faf42f669e2a6f3404d8fe8b6d05439,evt_0faf42f669e2a6f3,Andrew Landry,PGA,59.48,59.89,1,0.01,3.0800,2.8500,4.5000,1.7000
$2K Wyndham Championship,2020-08-13T12:49:30.814351,estk_0faf42f669e2a6f3edbbe9a8a4e2367d,evt_0faf42f669e2a6f3,Maverick McNealy,PGA,59.19,60.27,7,0.1,3.0100,2.7800,4.4200,1.6600
$2K Wyndham Championship,2020-08-13T12:49:30.814358,estk_0faf42f669e2a6f3f1c1c5d688ad50b6,evt_0faf42f669e2a6f3,Danny Lee,PGA,59.08,59.49,1,0.01,2.9500,2.7700,4.4100,1.7000
$2K Wyndham Championship,2020-08-13T12:49:30.814362,estk_0faf42f669e2a6f39e26fd7ec152425f,evt_0faf42f669e2a6f3,David Hearn,PGA,59,59.87,5,0.07,2.9500,2.7400,4.3800,1.5700
$2K Wyndham Championship,2020-08-13T12:49:30.814370,estk_0faf42f669e2a6f35a15f2b217b495d5,evt_0faf42f669e2a6f3,Adam Schenk,PGA,59,59.87,5,0.07,2.9400,2.7300,4.3900,1.5600
$2K Wyndham Championship,2020-08-13T12:49:30.814392,estk_0faf42f669e2a6f352583207eaa894b7,evt_0faf42f669e2a6f3,Scott Stallings,PGA,59.87,58.88,5,0.1,2.6300,4.6100,4.6100,1.5500
$2K Wyndham Championship,2020-08-13T12:49:30.814396,estk_0faf42f669e2a6f34e281614612a121e,evt_0faf42f669e2a6f3,Nick Watney,PGA,59.96,58.36,2,0.06,2.5700,2.9800,4.1100,1.5600
$2K Wyndham Championship,2020-08-13T12:49:30.814403,estk_0faf42f669e2a6f36e6bae282dbde85d,evt_0faf42f669e2a6f3,Jason Dufner,PGA,58.22,57.89,2,0.04,2.4900,2.5800,4.1800,1.2000
$2K Wyndham Championship,2020-08-13T12:49:30.814422,estk_0faf42f669e2a6f3545854725c047326,evt_0faf42f669e2a6f3,Pat Perez,PGA,55.92,56.56,4,0.06,2.1800,2.1600,3.6900,
$2K Wyndham Championship,2020-08-13T12:49:30.814436,estk_0faf42f669e2a6f32363d8ed897ee473,evt_0faf42f669e2a6f3,Bronson Burgoon,PGA,56.93,55.36,-1,0.01,2.0400,2.3000,3.8800,
$2K Wyndham Championship,2020-08-13T12:49:30.814465,estk_0faf42f669e2a6f39833b63def7a8a43,evt_0faf42f669e2a6f3,Scott Harrington,PGA,53.36,54.62,5,0.07,1.8400,3.2600,3.2300,
$2K Wyndham Championship,2020-08-13T12:49:30.814475,estk_0faf42f669e2a6f345d0540e3088a5bb,evt_0faf42f669e2a6f3,John Senden,PGA,52.32,54.13,6,0.08,1.7600,3.1500,3.1500,
$2K Wyndham Championship,2020-08-13T12:49:30.814541,estk_0faf42f669e2a6f3f2aa8d83ef18ae5d,evt_0faf42f669e2a6f3,Matt Every,PGA,50.36,50.86,1,0.01,1.4700,2.9500,2.9500,
$2K Wyndham Championship,2020-08-13T12:49:30.814545,estk_0faf42f669e2a6f3287d78ec15ac0462,evt_0faf42f669e2a6f3,Martin Trainer,PGA,50.26,50.75,2,0.03,1.4300,1.4700,2.9500,
$2K Wyndham Championship,2020-08-13T12:49:30.814558,estk_0faf42f669e2a6f39a1bbfc930ac6051,evt_0faf42f669e2a6f3,Robert Streb,PGA,49.37,49.42,4,0.08,1.2900,1.4200,2.8800,
$2K Wyndham Championship,2020-08-13T12:49:30.814562,estk_0faf42f669e2a6f364349aca49ddf059,evt_0faf42f669e2a6f3,Austin Cook,PGA,49,49.06,3,0.06,1.2900,2.8400,2.8200,
$2K Wyndham Championship,2020-08-13T12:59:31.298441,estk_0faf42f669e2a6f3503f60443b3bd112,evt_0faf42f669e2a6f3,Webb Simpson,PGA,79.15,76.4,2,0.06,11.7200,12.6300,13.3100,
$2K Wyndham Championship,2020-08-13T12:59:31.298452,estk_0faf42f669e2a6f3db5881f101cec470,evt_0faf42f669e2a6f3,Justin Rose,PGA,74.58,72.6,1,0.04,9.0200,9.6600,10.3700,7.3100
$2K Wyndham Championship,2020-08-13T12:59:31.298457,estk_0faf42f669e2a6f3a251d6b9cc0a07e5,evt_0faf42f669e2a6f3,Sungjae Im,PGA,70.86,71.61,5,0.06,8.3800,7.4600,9.9700,6.6500
$2K Wyndham Championship,2020-08-13T12:59:31.298470,estk_0faf42f669e2a6f32ab98d8a9a770fd5,evt_0faf42f669e2a6f3,Jordan Spieth,PGA,69.68,70.89,4,0.04,7.9700,6.8000,9.5500,5.5400
$2K Wyndham Championship,2020-08-13T12:59:31.298474,estk_0faf42f669e2a6f3694b41dae4b8654f,evt_0faf42f669e2a6f3,Lucas Glover,PGA,70.44,70.74,1,0.01,7.9000,7.2200,9.2400,6.0100
$2K Wyndham Championship,2020-08-13T12:59:31.298497,estk_0faf42f669e2a6f31fc545ba8ac8cb0b,evt_0faf42f669e2a6f3,Rory Sabbatini,PGA,68.41,68.36,2,0.03,6.5000,8.1300,8.1300,4.9300
$2K Wyndham Championship,2020-08-13T12:59:31.298501,estk_0faf42f669e2a6f391386b499e2742a4,evt_0faf42f669e2a6f3,Ryan Moore,PGA,68.9,68.21,0,0.01,6.4200,6.4400,8.3300,5.1300
$2K Wyndham Championship,2020-08-13T12:59:31.298505,estk_0faf42f669e2a6f356ab6ba90ba02e56,evt_0faf42f669e2a6f3,Joaquin Niemann,PGA,69.43,68.26,3,0.06,6.4100,6.6600,8.0000,4.9300
$2K Wyndham Championship,2020-08-13T12:59:31.298513,estk_0faf42f669e2a6f3170130e9fa731e23,evt_0faf42f669e2a6f3,Jason Kokrak,PGA,69.7,67.73,5,0.1,6.0500,6.8200,7.6400,4.5800
$2K Wyndham Championship,2020-08-13T12:59:31.298528,estk_0faf42f669e2a6f33544479351e1ff63,evt_0faf42f669e2a6f3,Billy Horschel,PGA,66.02,67.06,5,0.06,5.7900,5.0800,7.5100,3.7300
$2K Wyndham Championship,2020-08-13T12:59:31.298543,estk_0faf42f669e2a6f31ce4da0ea7a969fb,evt_0faf42f669e2a6f3,Kevin Tway,PGA,66.02,66.06,4,0.06,5.3000,5.0800,6.8800,4.3100
$2K Wyndham Championship,2020-08-13T12:59:31.298558,estk_0faf42f669e2a6f31d4f740cf9f348cc,evt_0faf42f669e2a6f3,Wyndham Clark,PGA,63.78,65.68,7,0.08,5.0500,4.1900,6.6500,2.9000
$2K Wyndham Championship,2020-08-13T12:59:31.298565,estk_0faf42f669e2a6f3a5e32548021abe19,evt_0faf42f669e2a6f3,Chez Reavie,PGA,65.24,65.28,2,0.03,5.0100,4.7600,6.5300,3.5400
$2K Wyndham Championship,2020-08-13T12:59:31.298573,estk_0faf42f669e2a6f3bdc437a37a2c4345,evt_0faf42f669e2a6f3,Patrick Rodgers,PGA,65.45,65.21,5,0.08,4.8400,4.8300,6.1200,3.1500
$2K Wyndham Championship,2020-08-13T12:59:31.298584,estk_0faf42f669e2a6f337a8104a8070199b,evt_0faf42f669e2a6f3,Ryan Armour,PGA,65.44,64.82,2,0.04,4.7600,4.8300,6.6200,3.4800
$2K Wyndham Championship,2020-08-13T12:59:31.298596,estk_0faf42f669e2a6f3f8ddff16f2dbed28,evt_0faf42f669e2a6f3,Corey Conners,PGA,65.07,64.12,1,0.03,4.5100,6.4500,6.0700,3.4600
$2K Wyndham Championship,2020-08-13T12:59:31.298599,estk_0faf42f669e2a6f34fd2025821f57a83,evt_0faf42f669e2a6f3,Brendon Todd,PGA,64.1,64.25,4,0.06,4.5000,4.3200,6.0500,3.0600
$2K Wyndham Championship,2020-08-13T12:59:31.298618,estk_0faf42f669e2a6f3499f65e84c5a381b,evt_0faf42f669e2a6f3,Jim Furyk,PGA,63.77,63.22,2,0.04,4.1100,5.9100,5.6700,2.8200
$2K Wyndham Championship,2020-08-13T12:59:31.298621,estk_0faf42f669e2a6f3d6797fef070c38d6,evt_0faf42f669e2a6f3,Brice Garnett,PGA,62.7,63.19,3,0.04,4.1000,3.8200,5.5300,2.7500
$2K Wyndham Championship,2020-08-13T12:59:31.298642,estk_0faf42f669e2a6f3800e5acffcb2c354,evt_0faf42f669e2a6f3,Bud Cauley,PGA,63.06,62.43,0,0.01,3.8900,3.9200,5.6400,2.5600
$2K Wyndham Championship,2020-08-13T12:59:31.298653,estk_0faf42f669e2a6f38c0c59e9f95a36fc,evt_0faf42f669e2a6f3,Graeme McDowell,PGA,63.04,62.15,1,0.03,3.7300,5.6700,5.1200,2.5600
$2K Wyndham Championship,2020-08-13T12:59:31.298667,estk_0faf42f669e2a6f3bb1c6041a03f12aa,evt_0faf42f669e2a6f3,Grayson Murray,PGA,61.56,61.71,2,0.03,3.6000,5.1100,5.1100,2.0500
$2K Wyndham Championship,2020-08-13T12:59:31.298671,estk_0faf42f669e2a6f3d3db04808a1c74b0,evt_0faf42f669e2a6f3,Jhonattan Vegas,PGA,63.3,61.87,3,0.07,3.5700,4.0100,4.7300,1.6200
$2K Wyndham Championship,2020-08-13T12:59:31.298678,estk_0faf42f669e2a6f340e1350656ce7a59,evt_0faf42f669e2a6f3,Brian Stuard,PGA,61.65,61.72,5,0.08,3.4900,3.4700,5.0600,1.9600
$2K Wyndham Championship,2020-08-13T12:59:31.298682,estk_0faf42f669e2a6f317a7bca076b02aaf,evt_0faf42f669e2a6f3,Patton Kizzire,PGA,60.1,61.49,5,0.06,3.4600,3.0100,5.3400,2.3200
$2K Wyndham Championship,2020-08-13T12:59:31.298706,estk_0faf42f669e2a6f35a15f2b217b495d5,evt_0faf42f669e2a6f3,Adam Schenk,PGA,59,60.28,6,0.08,3.0600,2.7300,4.3900,1.5600
$2K Wyndham Championship,2020-08-13T12:59:31.298730,estk_0faf42f669e2a6f3a994dc6df42c2b1e,evt_0faf42f669e2a6f3,Nate Lashley,PGA,60.22,59.41,1,0.03,2.8900,4.7100,4.7100,1.6300
$2K Wyndham Championship,2020-08-13T12:59:31.298741,estk_0faf42f669e2a6f3404d8fe8b6d05439,evt_0faf42f669e2a6f3,Andrew Landry,PGA,59.48,58.7,1,0.03,2.7100,4.5000,4.2800,1.7000
$2K Wyndham Championship,2020-08-13T12:59:31.298745,estk_0faf42f669e2a6f34e281614612a121e,evt_0faf42f669e2a6f3,Nick Watney,PGA,59.96,58.76,3,0.07,2.6500,2.9800,4.1100,1.5600
$2K Wyndham Championship,2020-08-13T12:59:31.298770,estk_0faf42f669e2a6f3545854725c047326,evt_0faf42f669e2a6f3,Pat Perez,PGA,55.92,58.01,6,0.07,2.4600,2.1600,3.6900,
$2K Wyndham Championship,2020-08-13T12:59:31.298774,estk_0faf42f669e2a6f36e6bae282dbde85d,evt_0faf42f669e2a6f3,Jason Dufner,PGA,58.22,57.73,3,0.06,2.4300,4.1800,3.9800,1.2000
$2K Wyndham Championship,2020-08-13T12:59:31.298795,estk_0faf42f669e2a6f3408e07cab14ecb5c,evt_0faf42f669e2a6f3,Kyoung-Hoon Lee,PGA,54.78,55.95,5,0.07,2.0300,3.4100,3.4900,
$2K Wyndham Championship,2020-08-13T12:59:31.298799,estk_0faf42f669e2a6f363ec4e5033098e73,evt_0faf42f669e2a6f3,Charl Schwartzel,PGA,56.64,55.68,3,0.07,2.0000,2.2800,3.8200,
$2K Wyndham Championship,2020-08-13T12:59:31.298810,estk_0faf42f669e2a6f39833b63def7a8a43,evt_0faf42f669e2a6f3,Scott Harrington,PGA,53.36,55.09,6,0.08,1.8800,3.2600,3.2300,
$2K Wyndham Championship,2020-08-13T12:59:31.298841,estk_0faf42f669e2a6f3bf7563f8d908b8a5,evt_0faf42f669e2a6f3,Tim Wilkinson,PGA,51.79,53.27,2,0.01,1.7200,3.0900,3.0900,
$2K Wyndham Championship,2020-08-13T12:59:31.298844,estk_0faf42f669e2a6f3a9cf9571ae8d1395,evt_0faf42f669e2a6f3,Adam Long,PGA,52.51,53.83,5,0.07,1.7100,1.6800,3.1600,
$2K Wyndham Championship,2020-08-13T12:59:31.298897,estk_0faf42f669e2a6f3581730aeecfe5742,evt_0faf42f669e2a6f3,David Berganio,PGA,51.28,50.77,0,0.01,1.4500,1.5700,3.0300,
$2K Wyndham Championship,2020-08-13T12:59:31.298901,estk_0faf42f669e2a6f3287d78ec15ac0462,evt_0faf42f669e2a6f3,Martin Trainer,PGA,50.26,51.25,3,0.04,1.4500,1.4700,2.9500,
$2K Wyndham Championship,2020-08-13T12:59:31.298905,estk_0faf42f669e2a6f3f2aa8d83ef18ae5d,evt_0faf42f669e2a6f3,Matt Every,PGA,50.36,50.85,2,0.03,1.4200,2.9500,2.9500,
$2K Wyndham Championship,2020-08-13T12:59:31.298912,estk_0faf42f669e2a6f364349aca49ddf059,evt_0faf42f669e2a6f3,Austin Cook,PGA,49,50.57,5,0.07,1.3700,2.8400,2.8200,
$2K Wyndham Championship,2020-08-13T12:59:31.298923,estk_0faf42f669e2a6f39a1bbfc930ac6051,evt_0faf42f669e2a6f3,Robert Streb,PGA,49.37,48.43,4,0.1,1.2100,1.4200,2.8800,
$2K Wyndham Championship,2020-08-13T13:09:31.865653,estk_0faf42f669e2a6f330ccd165c4aa611d,evt_0faf42f669e2a6f3,Brooks Koepka,PGA,76.15,74.58,3,0.06,10.1600,10.6900,12.2500,8.9800
$2K Wyndham Championship,2020-08-13T13:09:31.865659,estk_0faf42f669e2a6f3e64a0e6fb2b31683,evt_0faf42f669e2a6f3,Rafa Cabrera Bello,PGA,71.6,72.87,7,0.08,9.0600,7.8600,10.6700,7.3100
$2K Wyndham Championship,2020-08-13T13:09:31.865663,estk_0faf42f669e2a6f3db5881f101cec470,evt_0faf42f669e2a6f3,Justin Rose,PGA,74.58,72.11,2,0.06,8.5600,9.6600,10.3700,7.3400
$2K Wyndham Championship,2020-08-13T13:09:31.865684,estk_0faf42f669e2a6f32ab98d8a9a770fd5,evt_0faf42f669e2a6f3,Jordan Spieth,PGA,69.68,70.5,5,0.06,7.6000,6.8000,9.5500,6.3300
$2K Wyndham Championship,2020-08-13T13:09:31.865688,estk_0faf42f669e2a6f3694b41dae4b8654f,evt_0faf42f669e2a6f3,Lucas Glover,PGA,70.44,70.33,2,0.03,7.5700,7.2200,9.2400,6.3300
$2K Wyndham Championship,2020-08-13T13:09:31.865692,estk_0faf42f669e2a6f3170130e9fa731e23,evt_0faf42f669e2a6f3,Jason Kokrak,PGA,69.7,69.03,7,0.11,6.7000,6.8200,8.2500,5.0700
$2K Wyndham Championship,2020-08-13T13:09:31.865708,estk_0faf42f669e2a6f3d8f0d69f88d3691a,evt_0faf42f669e2a6f3,Doc Redman,PGA,68.27,68.22,2,0.03,6.3900,6.0900,8.0100,5.0600
$2K Wyndham Championship,2020-08-13T13:09:31.865715,estk_0faf42f669e2a6f31fc545ba8ac8cb0b,evt_0faf42f669e2a6f3,Rory Sabbatini,PGA,68.41,67.67,2,0.04,6.0800,8.1300,8.1300,4.9300
$2K Wyndham Championship,2020-08-13T13:09:31.865734,estk_0faf42f669e2a6f356ab6ba90ba02e56,evt_0faf42f669e2a6f3,Joaquin Niemann,PGA,69.43,66.57,2,0.07,5.4900,6.6600,7.1000,3.8900
$2K Wyndham Championship,2020-08-13T13:09:31.865765,estk_0faf42f669e2a6f33a3fd2efe45d4190,evt_0faf42f669e2a6f3,Harold Varner III,PGA,64.62,65.68,3,0.03,5.1700,4.4800,6.7700,3.5500
$2K Wyndham Championship,2020-08-13T13:09:31.865769,estk_0faf42f669e2a6f3a5e32548021abe19,evt_0faf42f669e2a6f3,Chez Reavie,PGA,65.24,65.63,3,0.04,5.1400,4.7600,6.5300,3.5100
$2K Wyndham Championship,2020-08-13T13:09:31.865777,estk_0faf42f669e2a6f31e0083f260619709,evt_0faf42f669e2a6f3,Sebastian Munoz,PGA,65.05,65.5,5,0.07,5.0200,6.4700,6.4400,3.4600
$2K Wyndham Championship,2020-08-13T13:09:31.865781,estk_0faf42f669e2a6f31d4f740cf9f348cc,evt_0faf42f669e2a6f3,Wyndham Clark,PGA,63.78,65.4,8,0.1,4.8900,4.1900,6.6500,2.9000
$2K Wyndham Championship,2020-08-13T13:09:31.865789,estk_0faf42f669e2a6f328faa014509b0dcf,evt_0faf42f669e2a6f3,Anirban Lahiri,PGA,64.12,64.48,1,0.01,4.6900,4.3000,6.0900,2.9600
$2K Wyndham Championship,2020-08-13T13:09:31.865809,estk_0faf42f669e2a6f333cbfa0bc2c99848,evt_0faf42f669e2a6f3,Charley Hoffman,PGA,63.29,64.33,8,0.11,4.4200,5.7300,5.7300,2.7000
$2K Wyndham Championship,2020-08-13T13:09:31.865813,estk_0faf42f669e2a6f3bdc437a37a2c4345,evt_0faf42f669e2a6f3,Patrick Rodgers,PGA,65.45,63.91,5,0.1,4.2900,4.8300,6.1200,3.1500
$2K Wyndham Championship,2020-08-13T13:09:31.865817,estk_0faf42f669e2a6f3f231f387a64bda8c,evt_0faf42f669e2a6f3,Branden Grace,PGA,62.95,63.32,1,0.01,4.2400,5.6200,5.6200,2.6600
$2K Wyndham Championship,2020-08-13T13:09:31.865821,estk_0faf42f669e2a6f337a8104a8070199b,evt_0faf42f669e2a6f3,Ryan Armour,PGA,65.44,63.51,2,0.06,4.1800,4.8300,5.7900,2.6400
$2K Wyndham Championship,2020-08-13T13:09:31.865830,estk_0faf42f669e2a6f3a469dfc58a110587,evt_0faf42f669e2a6f3,Brian Harman,PGA,62.74,63.11,1,0.01,4.1800,3.8100,5.5400,2.5700
$2K Wyndham Championship,2020-08-13T13:09:31.865838,estk_0faf42f669e2a6f3800e5acffcb2c354,evt_0faf42f669e2a6f3,Bud Cauley,PGA,63.06,63.17,2,0.03,4.1100,3.9200,5.6400,2.5600
$2K Wyndham Championship,2020-08-13T13:09:31.865842,estk_0faf42f669e2a6f3dc45886d5b7d7c1b,evt_0faf42f669e2a6f3,Russell Henley,PGA,62.48,62.86,1,0.01,4.0700,5.4400,5.4400,2.3700
$2K Wyndham Championship,2020-08-13T13:09:31.865854,estk_0faf42f669e2a6f3d6797fef070c38d6,evt_0faf42f669e2a6f3,Brice Garnett,PGA,62.7,62.94,4,0.06,3.9800,3.8200,5.5300,2.7500
$2K Wyndham Championship,2020-08-13T13:09:31.865857,estk_0faf42f669e2a6f3f8ddff16f2dbed28,evt_0faf42f669e2a6f3,Corey Conners,PGA,65.07,62.47,0,0.04,3.8600,6.4500,5.4600,2.8800
$2K Wyndham Championship,2020-08-13T13:09:31.865865,estk_0faf42f669e2a6f34e3c375c77ca101d,evt_0faf42f669e2a6f3,Tyler Duncan,PGA,59.65,62.47,7,0.07,3.7900,4.5400,5.3400,2.0500
$2K Wyndham Championship,2020-08-13T13:09:31.865877,estk_0faf42f669e2a6f3bb1c6041a03f12aa,evt_0faf42f669e2a6f3,Grayson Murray,PGA,61.56,62.1,3,0.04,3.7400,5.1100,5.1100,2.0500
$2K Wyndham Championship,2020-08-13T13:09:31.865892,estk_0faf42f669e2a6f3d579271267c1a31d,evt_0faf42f669e2a6f3,J.J. Spaun,PGA,61,61.39,1,0.01,3.5800,4.9600,4.9600,1.8700
$2K Wyndham Championship,2020-08-13T13:09:31.865900,estk_0faf42f669e2a6f340e1350656ce7a59,evt_0faf42f669e2a6f3,Brian Stuard,PGA,61.65,61.48,6,0.1,3.4500,3.4700,5.0600,1.9600
$2K Wyndham Championship,2020-08-13T13:09:31.865918,estk_0faf42f669e2a6f35a15f2b217b495d5,evt_0faf42f669e2a6f3,Adam Schenk,PGA,59,61.1,8,0.1,3.2800,2.7300,4.3900,1.5600
$2K Wyndham Championship,2020-08-13T13:09:31.865925,estk_0faf42f669e2a6f39e26fd7ec152425f,evt_0faf42f669e2a6f3,David Hearn,PGA,59,60.28,6,0.08,3.0800,2.7400,4.3800,1.5700
$2K Wyndham Championship,2020-08-13T13:09:31.865929,estk_0faf42f669e2a6f34e281614612a121e,evt_0faf42f669e2a6f3,Nick Watney,PGA,59.96,60.16,5,0.08,3.0700,2.9800,4.6100,1.5600
$2K Wyndham Championship,2020-08-13T13:09:31.865947,estk_0faf42f669e2a6f3f1c1c5d688ad50b6,evt_0faf42f669e2a6f3,Danny Lee,PGA,59.08,59.31,2,0.03,2.9000,2.7700,4.4100,1.7000
$2K Wyndham Championship,2020-08-13T13:09:31.865955,estk_0faf42f669e2a6f3404d8fe8b6d05439,evt_0faf42f669e2a6f3,Andrew Landry,PGA,59.48,59.1,2,0.04,2.8400,4.5000,4.2800,1.7000
$2K Wyndham Championship,2020-08-13T13:09:31.865959,estk_0faf42f669e2a6f3d3db04808a1c74b0,evt_0faf42f669e2a6f3,Jhonattan Vegas,PGA,63.3,59.24,1,0.08,2.7900,4.0100,4.7300,1.6200
$2K Wyndham Championship,2020-08-13T13:09:31.865963,estk_0faf42f669e2a6f36e6bae282dbde85d,evt_0faf42f669e2a6f3,Jason Dufner,PGA,58.22,59.14,5,0.07,2.7900,4.1800,3.9800,1.2000
$2K Wyndham Championship,2020-08-13T13:09:31.865981,estk_0faf42f669e2a6f3edbbe9a8a4e2367d,evt_0faf42f669e2a6f3,Maverick McNealy,PGA,59.19,58.68,6,0.11,2.6000,2.7800,4.4200,1.6600
$2K Wyndham Championship,2020-08-13T13:09:31.865996,estk_0faf42f669e2a6f352583207eaa894b7,evt_0faf42f669e2a6f3,Scott Stallings,PGA,59.87,58.28,5,0.11,2.5000,4.6100,4.0500,1.5500
$2K Wyndham Championship,2020-08-13T13:09:31.866008,estk_0faf42f669e2a6f3408e07cab14ecb5c,evt_0faf42f669e2a6f3,Kyoung-Hoon Lee,PGA,54.78,56.4,6,0.08,2.1800,3.4100,3.4900,
$2K Wyndham Championship,2020-08-13T13:09:31.866019,estk_0faf42f669e2a6f363ec4e5033098e73,evt_0faf42f669e2a6f3,Charl Schwartzel,PGA,56.64,56.11,4,0.08,2.1100,3.8200,3.5200,
$2K Wyndham Championship,2020-08-13T13:09:31.866023,estk_0faf42f669e2a6f32363d8ed897ee473,evt_0faf42f669e2a6f3,Bronson Burgoon,PGA,56.93,55.22,0,0.03,2.0400,3.8800,3.5800,
$2K Wyndham Championship,2020-08-13T13:09:31.866027,estk_0faf42f669e2a6f398b6c3ebf18a16bb,evt_0faf42f669e2a6f3,Chris Stroud,PGA,54.08,54.54,1,0.01,1.9600,3.3900,3.3900,
$2K Wyndham Championship,2020-08-13T13:09:31.866064,estk_0faf42f669e2a6f345d0540e3088a5bb,evt_0faf42f669e2a6f3,John Senden,PGA,52.32,54.09,7,0.1,1.7600,3.1500,3.1500,
$2K Wyndham Championship,2020-08-13T13:09:31.866068,estk_0faf42f669e2a6f39833b63def7a8a43,evt_0faf42f669e2a6f3,Scott Harrington,PGA,53.36,54.02,6,0.1,1.7500,3.2600,3.2300,
$2K Wyndham Championship,2020-08-13T13:09:31.866075,estk_0faf42f669e2a6f3bf7563f8d908b8a5,evt_0faf42f669e2a6f3,Tim Wilkinson,PGA,51.79,53.24,3,0.03,1.7300,3.0900,3.0900,
$2K Wyndham Championship,2020-08-13T13:09:31.866131,estk_0faf42f669e2a6f3287d78ec15ac0462,evt_0faf42f669e2a6f3,Martin Trainer,PGA,50.26,51.24,4,0.06,1.4800,1.4700,2.9500,
$2K Wyndham Championship,2020-08-13T13:09:31.866135,estk_0faf42f669e2a6f364349aca49ddf059,evt_0faf42f669e2a6f3,Austin Cook,PGA,49,51.08,6,0.08,1.4400,2.8400,2.8200,
$2K Wyndham Championship,2020-08-13T13:09:31.866149,estk_0faf42f669e2a6f39a1bbfc930ac6051,evt_0faf42f669e2a6f3,Robert Streb,PGA,49.37,47.94,4,0.11,1.2000,1.4200,2.8800,
$2K Wyndham Championship,2020-08-13T13:19:32.347655,estk_0faf42f669e2a6f3503f60443b3bd112,evt_0faf42f669e2a6f3,Webb Simpson,PGA,79.15,76.61,3,0.07,12.1100,12.6300,13.9500,9.9900
$2K Wyndham Championship,2020-08-13T13:19:32.347671,estk_0faf42f669e2a6f3e64a0e6fb2b31683,evt_0faf42f669e2a6f3,Rafa Cabrera Bello,PGA,71.6,71.44,7,0.1,8.3400,7.8600,10.0300,7.3100
$2K Wyndham Championship,2020-08-13T13:19:32.347678,estk_0faf42f669e2a6f3a251d6b9cc0a07e5,evt_0faf42f669e2a6f3,Sungjae Im,PGA,70.86,70.9,5,0.07,8.0700,7.4600,9.9700,6.7400
$2K Wyndham Championship,2020-08-13T13:19:32.347698,estk_0faf42f669e2a6f3d8f0d69f88d3691a,evt_0faf42f669e2a6f3,Doc Redman,PGA,68.27,68.54,3,0.04,6.6900,6.0900,8.0100,5.0600
$2K Wyndham Championship,2020-08-13T13:19:32.347709,estk_0faf42f669e2a6f33544479351e1ff63,evt_0faf42f669e2a6f3,Billy Horschel,PGA,66.02,68.4,7,0.07,6.5800,5.0800,8.1800,4.9200
$2K Wyndham Championship,2020-08-13T13:19:32.347716,estk_0faf42f669e2a6f391386b499e2742a4,evt_0faf42f669e2a6f3,Ryan Moore,PGA,68.9,67.83,1,0.03,6.2900,6.4400,8.3300,5.1300
$2K Wyndham Championship,2020-08-13T13:19:32.347724,estk_0faf42f669e2a6f3170130e9fa731e23,evt_0faf42f669e2a6f3,Jason Kokrak,PGA,69.7,67.64,7,0.13,5.9900,6.8200,7.6400,5.0700
$2K Wyndham Championship,2020-08-13T13:19:32.347735,estk_0faf42f669e2a6f33a3fd2efe45d4190,evt_0faf42f669e2a6f3,Harold Varner III,PGA,64.62,67.04,5,0.04,5.8900,4.4800,7.5100,4.2900
$2K Wyndham Championship,2020-08-13T13:19:32.347743,estk_0faf42f669e2a6f356ab6ba90ba02e56,evt_0faf42f669e2a6f3,Joaquin Niemann,PGA,69.43,66.88,3,0.08,5.6800,6.6600,7.1000,3.8900
$2K Wyndham Championship,2020-08-13T13:19:32.347747,estk_0faf42f669e2a6f31ce4da0ea7a969fb,evt_0faf42f669e2a6f3,Kevin Tway,PGA,66.02,66.4,5,0.07,5.5100,5.0800,6.8800,4.3100
$2K Wyndham Championship,2020-08-13T13:19:32.347794,estk_0faf42f669e2a6f34fd2025821f57a83,evt_0faf42f669e2a6f3,Brendon Todd,PGA,64.1,64.61,5,0.07,4.6600,4.3200,6.0500,3.0600
$2K Wyndham Championship,2020-08-13T13:19:32.347798,estk_0faf42f669e2a6f31d4f740cf9f348cc,evt_0faf42f669e2a6f3,Wyndham Clark,PGA,63.78,64.76,8,0.11,4.6400,4.1900,6.6500,3.0300
$2K Wyndham Championship,2020-08-13T13:19:32.347810,estk_0faf42f669e2a6f3bdc437a37a2c4345,evt_0faf42f669e2a6f3,Patrick Rodgers,PGA,65.45,64.25,6,0.11,4.4100,4.8300,6.1200,3.1500
$2K Wyndham Championship,2020-08-13T13:19:32.347814,estk_0faf42f669e2a6f3800e5acffcb2c354,evt_0faf42f669e2a6f3,Bud Cauley,PGA,63.06,63.54,3,0.04,4.2500,3.9200,5.6400,2.6800
$2K Wyndham Championship,2020-08-13T13:19:32.347845,estk_0faf42f669e2a6f3499f65e84c5a381b,evt_0faf42f669e2a6f3,Jim Furyk,PGA,63.77,62.94,3,0.06,3.9700,5.9100,5.6700,2.8200
$2K Wyndham Championship,2020-08-13T13:19:32.347849,estk_0faf42f669e2a6f333cbfa0bc2c99848,evt_0faf42f669e2a6f3,Charley Hoffman,PGA,63.29,63.06,8,0.13,3.8900,5.7300,5.7300,2.7000
$2K Wyndham Championship,2020-08-13T13:19:32.347853,estk_0faf42f669e2a6f38c0c59e9f95a36fc,evt_0faf42f669e2a6f3,Graeme McDowell,PGA,63.04,62.52,2,0.04,3.8600,5.6700,5.1200,2.5600
$2K Wyndham Championship,2020-08-13T13:19:32.347857,estk_0faf42f669e2a6f340e1350656ce7a59,evt_0faf42f669e2a6f3,Brian Stuard,PGA,61.65,62.87,8,0.11,3.8600,3.4700,5.0600,2.3000
$2K Wyndham Championship,2020-08-13T13:19:32.347872,estk_0faf42f669e2a6f3f8ddff16f2dbed28,evt_0faf42f669e2a6f3,Corey Conners,PGA,65.07,62.17,1,0.06,3.6900,6.4500,5.4600,2.7500
$2K Wyndham Championship,2020-08-13T13:19:32.347883,estk_0faf42f669e2a6f317a7bca076b02aaf,evt_0faf42f669e2a6f3,Patton Kizzire,PGA,60.1,61.89,6,0.07,3.6000,3.0100,5.3400,2.3200
$2K Wyndham Championship,2020-08-13T13:19:32.347887,estk_0faf42f669e2a6f3bb1c6041a03f12aa,evt_0faf42f669e2a6f3,Grayson Murray,PGA,61.56,61.87,4,0.06,3.5900,5.1100,5.1100,2.0500
$2K Wyndham Championship,2020-08-13T13:19:32.347901,estk_0faf42f669e2a6f35a15f2b217b495d5,evt_0faf42f669e2a6f3,Adam Schenk,PGA,59,61.51,9,0.11,3.3800,2.7300,4.9600,1.8300
$2K Wyndham Championship,2020-08-13T13:19:32.347919,estk_0faf42f669e2a6f34e281614612a121e,evt_0faf42f669e2a6f3,Nick Watney,PGA,59.96,60.96,7,0.1,3.1900,2.9800,4.6100,1.6700
$2K Wyndham Championship,2020-08-13T13:19:32.347923,estk_0faf42f669e2a6f3a994dc6df42c2b1e,evt_0faf42f669e2a6f3,Nate Lashley,PGA,60.22,59.81,2,0.04,3.0000,4.7100,4.7100,1.6300
$2K Wyndham Championship,2020-08-13T13:19:32.347947,estk_0faf42f669e2a6f3404d8fe8b6d05439,evt_0faf42f669e2a6f3,Andrew Landry,PGA,59.48,58.91,3,0.06,2.7000,4.5000,4.2800,1.7000
$2K Wyndham Championship,2020-08-13T13:19:32.347951,estk_0faf42f669e2a6f3f1c1c5d688ad50b6,evt_0faf42f669e2a6f3,Danny Lee,PGA,59.08,58.72,2,0.04,2.6900,2.7700,4.4100,1.7000
$2K Wyndham Championship,2020-08-13T13:19:32.347955,estk_0faf42f669e2a6f39e26fd7ec152425f,evt_0faf42f669e2a6f3,David Hearn,PGA,59,59.1,6,0.1,2.6800,2.7400,4.3800,1.5700
$2K Wyndham Championship,2020-08-13T13:19:32.347959,estk_0faf42f669e2a6f3d3db04808a1c74b0,evt_0faf42f669e2a6f3,Jhonattan Vegas,PGA,63.3,58.97,2,0.1,2.6600,4.0100,4.1800,1.6200
$2K Wyndham Championship,2020-08-13T13:19:32.347969,estk_0faf42f669e2a6f3545854725c047326,evt_0faf42f669e2a6f3,Pat Perez,PGA,55.92,58.45,7,0.08,2.5500,2.1600,3.6900,
$2K Wyndham Championship,2020-08-13T13:19:32.347983,estk_0faf42f669e2a6f352583207eaa894b7,evt_0faf42f669e2a6f3,Scott Stallings,PGA,59.87,58.09,6,0.13,2.3600,4.6100,4.0500,1.5500
$2K Wyndham Championship,2020-08-13T13:19:32.347994,estk_0faf42f669e2a6f32363d8ed897ee473,evt_0faf42f669e2a6f3,Bronson Burgoon,PGA,56.93,56.65,2,0.04,2.2100,3.8800,3.5800,
$2K Wyndham Championship,2020-08-13T13:19:32.348005,estk_0faf42f669e2a6f3edbbe9a8a4e2367d,evt_0faf42f669e2a6f3,Maverick McNealy,PGA,59.19,56.5,5,0.13,2.0400,2.7800,3.5600,1.1800
$2K Wyndham Championship,2020-08-13T13:19:32.348008,estk_0faf42f669e2a6f3408e07cab14ecb5c,evt_0faf42f669e2a6f3,Kyoung-Hoon Lee,PGA,54.78,56.3,7,0.1,2.0400,3.4100,3.4900,
$2K Wyndham Championship,2020-08-13T13:19:32.348012,estk_0faf42f669e2a6f398b6c3ebf18a16bb,evt_0faf42f669e2a6f3,Chris Stroud,PGA,54.08,55.46,3,0.03,2.0000,3.3900,3.3900,
$2K Wyndham Championship,2020-08-13T13:19:32.348016,estk_0faf42f669e2a6f363ec4e5033098e73,evt_0faf42f669e2a6f3,Charl Schwartzel,PGA,56.64,55.98,5,0.1,1.9900,3.8200,3.5200,
$2K Wyndham Championship,2020-08-13T13:19:32.348038,estk_0faf42f669e2a6f345d0540e3088a5bb,evt_0faf42f669e2a6f3,John Senden,PGA,52.32,54.56,8,0.11,1.7500,3.1500,3.1500,
$2K Wyndham Championship,2020-08-13T13:19:32.348042,estk_0faf42f669e2a6f39833b63def7a8a43,evt_0faf42f669e2a6f3,Scott Harrington,PGA,53.36,54.49,7,0.11,1.7400,3.2600,3.2300,
$2K Wyndham Championship,2020-08-13T13:19:32.348064,estk_0faf42f669e2a6f3534ac8d88803e8dc,evt_0faf42f669e2a6f3,Doug Ghim,PGA,52.54,53.01,1,0.01,1.6600,3.1700,3.1600,
$2K Wyndham Championship,2020-08-13T13:19:32.348096,estk_0faf42f669e2a6f320ad6ea6094c9107,evt_0faf42f669e2a6f3,Mark Anderson,PGA,51.16,51.65,1,0.01,1.5100,1.5600,3.0300,
$2K Wyndham Championship,2020-08-13T13:19:32.348113,estk_0faf42f669e2a6f3f2aa8d83ef18ae5d,evt_0faf42f669e2a6f3,Matt Every,PGA,50.36,51.35,3,0.04,1.4600,2.9500,2.9500,
$2K Wyndham Championship,2020-08-13T13:19:32.348120,estk_0faf42f669e2a6f3581730aeecfe5742,evt_0faf42f669e2a6f3,David Berganio,PGA,51.28,50.74,1,0.03,1.4000,1.5700,3.0300,
$2K Wyndham Championship,2020-08-13T13:19:32.348138,estk_0faf42f669e2a6f39a1bbfc930ac6051,evt_0faf42f669e2a6f3,Robert Streb,PGA,49.37,47.95,5,0.13,1.1600,1.4200,2.8800,
$2K Wyndham Championship,2020-08-13T13:29:32.786895,estk_0faf42f669e2a6f330ccd165c4aa611d,evt_0faf42f669e2a6f3,Brooks Koepka,PGA,76.15,74.82,4,0.07,10.6900,10.6900,12.2500,8.9800
$2K Wyndham Championship,2020-08-13T13:29:32.786900,estk_0faf42f669e2a6f3db5881f101cec470,evt_0faf42f669e2a6f3,Justin Rose,PGA,74.58,72.36,3,0.07,8.9200,9.6600,10.3700,7.3400
$2K Wyndham Championship,2020-08-13T13:29:32.786904,estk_0faf42f669e2a6f3a251d6b9cc0a07e5,evt_0faf42f669e2a6f3,Sungjae Im,PGA,70.86,72.19,7,0.08,8.7800,7.4600,10.5100,7.0800
$2K Wyndham Championship,2020-08-13T13:29:32.786917,estk_0faf42f669e2a6f3694b41dae4b8654f,evt_0faf42f669e2a6f3,Lucas Glover,PGA,70.44,70.62,3,0.04,7.8800,7.2200,9.2400,6.3300
$2K Wyndham Championship,2020-08-13T13:29:32.786929,estk_0faf42f669e2a6f32ab98d8a9a770fd5,evt_0faf42f669e2a6f3,Jordan Spieth,PGA,69.68,69.8,5,0.07,7.3000,6.8000,8.9100,6.3300
$2K Wyndham Championship,2020-08-13T13:29:32.786948,estk_0faf42f669e2a6f31fc545ba8ac8cb0b,evt_0faf42f669e2a6f3,Rory Sabbatini,PGA,68.41,68.31,4,0.06,6.4300,8.1300,8.1300,4.9300
$2K Wyndham Championship,2020-08-13T13:29:32.786951,estk_0faf42f669e2a6f391386b499e2742a4,evt_0faf42f669e2a6f3,Ryan Moore,PGA,68.9,68.14,2,0.04,6.4200,6.4400,8.3300,5.1300
$2K Wyndham Championship,2020-08-13T13:29:32.786959,estk_0faf42f669e2a6f31e0083f260619709,evt_0faf42f669e2a6f3,Sebastian Munoz,PGA,65.05,67.55,9,0.1,6.0000,6.4700,7.5700,
$2K Wyndham Championship,2020-08-13T13:29:32.786981,estk_0faf42f669e2a6f33a3fd2efe45d4190,evt_0faf42f669e2a6f3,Harold Varner III,PGA,64.62,66.74,6,0.06,5.6700,4.4800,7.5100,4.2900
$2K Wyndham Championship,2020-08-13T13:29:32.786993,estk_0faf42f669e2a6f3a5e32548021abe19,evt_0faf42f669e2a6f3,Chez Reavie,PGA,65.24,66.33,5,0.06,5.4300,4.7600,7.0600,3.8400
$2K Wyndham Championship,2020-08-13T13:29:32.787021,estk_0faf42f669e2a6f3bdc437a37a2c4345,evt_0faf42f669e2a6f3,Patrick Rodgers,PGA,65.45,64.94,8,0.13,4.6400,4.8300,6.1200,3.1500
$2K Wyndham Championship,2020-08-13T13:29:32.787036,estk_0faf42f669e2a6f328faa014509b0dcf,evt_0faf42f669e2a6f3,Anirban Lahiri,PGA,64.12,64.2,2,0.03,4.5400,4.3000,6.0900,2.9600
$2K Wyndham Championship,2020-08-13T13:29:32.787040,estk_0faf42f669e2a6f3f231f387a64bda8c,evt_0faf42f669e2a6f3,Branden Grace,PGA,62.95,64.06,3,0.03,4.4900,5.6200,5.6200,2.8800
$2K Wyndham Championship,2020-08-13T13:29:32.787062,estk_0faf42f669e2a6f3d6797fef070c38d6,evt_0faf42f669e2a6f3,Brice Garnett,PGA,62.7,63.31,5,0.07,4.0800,3.8200,5.5300,2.7500
$2K Wyndham Championship,2020-08-13T13:29:32.787066,estk_0faf42f669e2a6f3a469dfc58a110587,evt_0faf42f669e2a6f3,Brian Harman,PGA,62.74,62.86,2,0.03,4.0100,3.8100,5.5400,2.5700
$2K Wyndham Championship,2020-08-13T13:29:32.787081,estk_0faf42f669e2a6f3dc45886d5b7d7c1b,evt_0faf42f669e2a6f3,Russell Henley,PGA,62.48,62.61,2,0.03,3.8900,5.4400,5.4400,2.4700
$2K Wyndham Championship,2020-08-13T13:29:32.787084,estk_0faf42f669e2a6f34e3c375c77ca101d,evt_0faf42f669e2a6f3,Tyler Duncan,PGA,59.65,62.88,8,0.08,3.8900,4.5400,5.3400,2.3200
$2K Wyndham Championship,2020-08-13T13:29:32.787103,estk_0faf42f669e2a6f38c0c59e9f95a36fc,evt_0faf42f669e2a6f3,Graeme McDowell,PGA,63.04,62.26,3,0.06,3.7100,5.6700,5.1200,2.5600
$2K Wyndham Championship,2020-08-13T13:29:32.787128,estk_0faf42f669e2a6f3d579271267c1a31d,evt_0faf42f669e2a6f3,J.J. Spaun,PGA,61,61.17,2,0.03,3.4100,4.9600,4.9600,1.9700
$2K Wyndham Championship,2020-08-13T13:29:32.787157,estk_0faf42f669e2a6f3a994dc6df42c2b1e,evt_0faf42f669e2a6f3,Nate Lashley,PGA,60.22,60.61,4,0.06,3.1600,4.7100,4.7100,1.6300
$2K Wyndham Championship,2020-08-13T13:29:32.787171,estk_0faf42f669e2a6f36e6bae282dbde85d,evt_0faf42f669e2a6f3,Jason Dufner,PGA,58.22,59.56,6,0.08,2.8100,4.1800,3.9800,1.2000
$2K Wyndham Championship,2020-08-13T13:29:32.787178,estk_0faf42f669e2a6f39e26fd7ec152425f,evt_0faf42f669e2a6f3,David Hearn,PGA,59,59.51,7,0.11,2.7500,2.7400,4.3800,1.5700
$2K Wyndham Championship,2020-08-13T13:29:32.787214,estk_0faf42f669e2a6f3545854725c047326,evt_0faf42f669e2a6f3,Pat Perez,PGA,55.92,58.33,8,0.1,2.4700,2.1600,3.6900,
$2K Wyndham Championship,2020-08-13T13:29:32.787238,estk_0faf42f669e2a6f398b6c3ebf18a16bb,evt_0faf42f669e2a6f3,Chris Stroud,PGA,54.08,55.92,4,0.04,2.0600,3.3900,3.3900,
$2K Wyndham Championship,2020-08-13T13:29:32.787269,estk_0faf42f669e2a6f3a9cf9571ae8d1395,evt_0faf42f669e2a6f3,Adam Long,PGA,52.51,54.31,6,0.08,1.7600,1.6800,3.1600,
$2K Wyndham Championship,2020-08-13T13:29:32.787283,estk_0faf42f669e2a6f39833b63def7a8a43,evt_0faf42f669e2a6f3,Scott Harrington,PGA,53.36,54.42,8,0.13,1.7100,3.2600,3.2300,
$2K Wyndham Championship,2020-08-13T13:29:32.787304,estk_0faf42f669e2a6f3194d0643ec6a54ff,evt_0faf42f669e2a6f3,Michael Gligic,PGA,51.16,52.65,2,0.01,1.6200,3.0300,3.0000,
$2K Wyndham Championship,2020-08-13T13:29:32.787316,estk_0faf42f669e2a6f3bf7563f8d908b8a5,evt_0faf42f669e2a6f3,Tim Wilkinson,PGA,51.79,52.72,3,0.04,1.6000,3.0900,3.0900,
$2K Wyndham Championship,2020-08-13T13:29:32.787320,estk_0faf42f669e2a6f36c585da9e4b2ba79,evt_0faf42f669e2a6f3,Tom Lewis,PGA,51.87,52.35,1,0.01,1.5900,3.1000,3.1000,
$2K Wyndham Championship,2020-08-13T13:29:32.787331,estk_0faf42f669e2a6f3f2aa8d83ef18ae5d,evt_0faf42f669e2a6f3,Matt Every,PGA,50.36,52.34,5,0.06,1.5300,2.9500,2.9500,
$2K Wyndham Championship,2020-08-13T13:29:32.787355,estk_0faf42f669e2a6f364349aca49ddf059,evt_0faf42f669e2a6f3,Austin Cook,PGA,49,51.1,7,0.1,1.3800,2.8400,2.8200,
$2K Wyndham Championship,2020-08-13T13:39:33.263638,estk_0faf42f669e2a6f3503f60443b3bd112,evt_0faf42f669e2a6f3,Webb Simpson,PGA,79.15,77.82,5,0.08,12.8500,12.6300,14.5200,
$2K Wyndham Championship,2020-08-13T13:39:33.263657,estk_0faf42f669e2a6f3e64a0e6fb2b31683,evt_0faf42f669e2a6f3,Rafa Cabrera Bello,PGA,71.6,71.72,8,0.11,8.3300,10.0300,10.0300,6.7000
$2K Wyndham Championship,2020-08-13T13:39:33.263673,estk_0faf42f669e2a6f3694b41dae4b8654f,evt_0faf42f669e2a6f3,Lucas Glover,PGA,70.44,70.21,4,0.06,7.5100,9.2400,9.2300,6.1700
$2K Wyndham Championship,2020-08-13T13:39:33.263681,estk_0faf42f669e2a6f33544479351e1ff63,evt_0faf42f669e2a6f3,Billy Horschel,PGA,66.02,68.74,8,0.08,6.6300,5.0800,8.1800,4.9200
$2K Wyndham Championship,2020-08-13T13:39:33.263703,estk_0faf42f669e2a6f3d8f0d69f88d3691a,evt_0faf42f669e2a6f3,Doc Redman,PGA,68.27,68.17,4,0.06,6.3400,6.0900,8.0100,5.0600
$2K Wyndham Championship,2020-08-13T13:39:33.263707,estk_0faf42f669e2a6f3170130e9fa731e23,evt_0faf42f669e2a6f3,Jason Kokrak,PGA,69.7,67.94,8,0.14,6.0500,7.6400,7.6400,4.5800
$2K Wyndham Championship,2020-08-13T13:39:33.263729,estk_0faf42f669e2a6f31ce4da0ea7a969fb,evt_0faf42f669e2a6f3,Kevin Tway,PGA,66.02,66.74,6,0.08,5.5700,5.0800,6.8800,4.3100
