name,time,id,event_id,stock_name,sector,fantasy_points_projected,fantasy_points_projected_live,fantasy_points_scored,amount_completed,estimated_price,last_price,ask_price,bid_price
$500 NBA Daily 8/20,2020-08-20T14:00:21.600381,estk_1287a473f64deeb91452baccd9371298,evt_1287a473f64deeb9,LeBron James,NBA,58.15,,,,,,,
$500 NBA Daily 8/20,2020-08-20T14:00:21.600410,estk_1287a473f64deeb912d0c14aa5dfd232,evt_1287a473f64deeb9,Giannis Antetokounmpo,NBA,54.49,,,,,,,
$500 NBA Daily 8/20,2020-08-20T14:00:21.600415,estk_1287a473f64deeb99af7d442f918404f,evt_1287a473f64deeb9,Anthony Davis,NBA,50.69,,,,,,,
$500 NBA Daily 8/20,2020-08-20T14:00:21.600419,estk_1287a473f64deeb901113a8407ed38e2,evt_1287a473f64deeb9,Damian Lillard,NBA,47.4,,,,,,,
$500 NBA Daily 8/20,2020-08-20T14:00:21.600423,estk_1287a473f64deeb9f6c7d554d2fa9f75,evt_1287a473f64deeb9,Nikola Vucevic,NBA,42.62,,,,,,,
$500 NBA Daily 8/20,2020-08-20T14:00:21.600427,estk_1287a473f64deeb91a3043d6384c59cc,evt_1287a473f64deeb9,Jusuf Nurkic,NBA,37.69,,,,,,,
$500 NBA Daily 8/20,2020-08-20T14:00:21.600431,estk_1287a473f64deeb94641ef307a4855e5,evt_1287a473f64deeb9,CJ McCollum,NBA,33.32,,,,,,,
$500 NBA Daily 8/20,2020-08-20T14:00:21.600435,estk_1287a473f64deeb9f2604b3c6ec43ff2,evt_1287a473f64deeb9,Khris Middleton,NBA,32.67,,,,,,,
$500 NBA Daily 8/20,2020-08-20T14:00:21.600439,estk_1287a473f64deeb931303064abb30322,evt_1287a473f64deeb9,Hassan Whiteside,NBA,29.78,,,,,,,
$500 NBA Daily 8/20,2020-08-20T14:00:21.600443,estk_1287a473f64deeb955086ea38656fe99,evt_1287a473f64deeb9,Aaron Gordon,NBA,27.68,,,,,,,
$500 NBA Daily 8/20,2020-08-20T14:00:21.600447,estk_1287a473f64deeb958d79b9f2662f624,evt_1287a473f64deeb9,Evan Fournier,NBA,25.75,,,,,,,
$500 NBA Daily 8/20,2020-08-20T14:00:21.600450,estk_1287a473f64deeb904749763bd15faac,evt_1287a473f64deeb9,Eric Bledsoe,NBA,25.55,,,,,,,
$500 NBA Daily 8/20,2020-08-20T14:00:21.600454,estk_1287a473f64deeb96a7e9a693923060b,evt_1287a473f64deeb9,Carmelo Anthony,NBA,25.43,,,,,,,
$500 NBA Daily 8/20,2020-08-20T14:00:21.600458,estk_1287a473f64deeb9ebfb1a44ae619e2e,evt_1287a473f64deeb9,Kyle Kuzma,NBA,25.15,,,,,,,
$500 NBA Daily 8/20,2020-08-20T14:00:21.600462,estk_1287a473f64deeb9806121a64c461e99,evt_1287a473f64deeb9,Brook Lopez,NBA,24.32,,,,,,,
$500 NBA Daily 8/20,2020-08-20T14:00:21.600465,estk_1287a473f64deeb9f95aa87cc77383be,evt_1287a473f64deeb9,Markelle Fultz,NBA,23.15,,,,,,,
$500 NBA Daily 8/20,2020-08-20T14:00:21.600469,estk_1287a473f64deeb9663b3162753394ed,evt_1287a473f64deeb9,Terrence Ross,NBA,20.02,,,,,,,
$500 NBA Daily 8/20,2020-08-20T14:00:21.600473,estk_1287a473f64deeb9828daf68b6f4025d,evt_1287a473f64deeb9,George Hill,NBA,19.66,,,,,,,
$500 NBA Daily 8/20,2020-08-20T14:00:21.600477,estk_1287a473f64deeb9f2b631af853210c3,evt_1287a473f64deeb9,Kentavious Caldwell-Pope,NBA,18.14,,,,,,,
$500 NBA Daily 8/20,2020-08-20T14:00:21.600481,estk_1287a473f64deeb97d8f05cf2dd6dbea,evt_1287a473f64deeb9,D.J. Augustin,NBA,17.97,,,,,,,
$500 NBA Daily 8/20,2020-08-20T14:00:21.600484,estk_1287a473f64deeb9a8ff2d0160121c76,evt_1287a473f64deeb9,Dwight Howard,NBA,17.62,,,,,,,
$500 NBA Daily 8/20,2020-08-20T14:00:21.600488,estk_1287a473f64deeb90b04a4c808a880c2,evt_1287a473f64deeb9,Gary Trent,NBA,17.16,,,,,,,
$500 NBA Daily 8/20,2020-08-20T14:00:21.600495,estk_1287a473f64deeb99076cef21a11902c,evt_1287a473f64deeb9,Donte DiVincenzo,NBA,15.85,,,,,,,
$500 NBA Daily 8/20,2020-08-20T14:00:21.600499,estk_1287a473f64deeb9c7f79998d02ebada,evt_1287a473f64deeb9,Danny Green,NBA,15.8,,,,,,,
$500 NBA Daily 8/20,2020-08-20T14:00:21.600503,estk_1287a473f64deeb9b349a48e189ba3d0,evt_1287a473f64deeb9,Pat Connaughton,NBA,15.68,,,,,,,
$500 NBA Daily 8/20,2020-08-20T14:00:21.600506,estk_1287a473f64deeb9f16014e0a040fe5b,evt_1287a473f64deeb9,Wesley Matthews,NBA,14.75,,,,,,,
$500 NBA Daily 8/20,2020-08-20T14:00:21.600510,estk_1287a473f64deeb9cc5df41068f20fef,evt_1287a473f64deeb9,Alex Caruso,NBA,14.2,,,,,,,
$500 NBA Daily 8/20,2020-08-20T14:00:21.600514,estk_1287a473f64deeb9c3a200d16d9a3fa2,evt_1287a473f64deeb9,JaVale McGee,NBA,13.82,,,,,,,
$500 NBA Daily 8/20,2020-08-20T14:00:21.600518,estk_1287a473f64deeb95684a141296027b3,evt_1287a473f64deeb9,James Ennis,NBA,13.67,,,,,,,
$500 NBA Daily 8/20,2020-08-20T14:00:21.600522,estk_1287a473f64deeb934e281c85e12c538,evt_1287a473f64deeb9,Khem Birch,NBA,13.28,,,,,,,
$500 NBA Daily 8/20,2020-08-20T14:00:21.600525,estk_1287a473f64deeb981cf003a81460da1,evt_1287a473f64deeb9,Markieff Morris,NBA,13.14,,,,,,,
$500 NBA Daily 8/20,2020-08-20T14:00:21.600529,estk_1287a473f64deeb911c18bea3e4a147b,evt_1287a473f64deeb9,Rajon Rondo,NBA,13.06,,,,,,,
$500 NBA Daily 8/20,2020-08-20T14:06:54.303416,estk_1287a473f64deeb91452baccd9371298,evt_1287a473f64deeb9,LeBron James,NBA,58.15,,,,15.3300,1.0700,,
$500 NBA Daily 8/20,2020-08-20T14:06:54.303450,estk_1287a473f64deeb912d0c14aa5dfd232,evt_1287a473f64deeb9,Giannis Antetokounmpo,NBA,54.49,,,,13.8700,1.0600,,
$500 NBA Daily 8/20,2020-08-20T14:06:54.303455,estk_1287a473f64deeb99af7d442f918404f,evt_1287a473f64deeb9,Anthony Davis,NBA,50.69,,,,12.3500,1.0600,,
$500 NBA Daily 8/20,2020-08-20T14:06:54.303459,estk_1287a473f64deeb901113a8407ed38e2,evt_1287a473f64deeb9,Damian Lillard,NBA,47.4,,,,11.1400,1.0800,,
$500 NBA Daily 8/20,2020-08-20T14:06:54.303463,estk_1287a473f64deeb9f6c7d554d2fa9f75,evt_1287a473f64deeb9,Nikola Vucevic,NBA,42.62,,,,9.5700,1.0600,,
$500 NBA Daily 8/20,2020-08-20T14:06:54.303467,estk_1287a473f64deeb91a3043d6384c59cc,evt_1287a473f64deeb9,Jusuf Nurkic,NBA,37.69,,,,7.9800,1.0400,,
$500 NBA Daily 8/20,2020-08-20T14:06:54.303471,estk_1287a473f64deeb94641ef307a4855e5,evt_1287a473f64deeb9,CJ McCollum,NBA,33.32,,,,6.7500,1.0600,,
$500 NBA Daily 8/20,2020-08-20T14:06:54.303474,estk_1287a473f64deeb9f2604b3c6ec43ff2,evt_1287a473f64deeb9,Khris Middleton,NBA,32.67,,,,6.5300,1.0400,,
$500 NBA Daily 8/20,2020-08-20T14:06:54.303478,estk_1287a473f64deeb931303064abb30322,evt_1287a473f64deeb9,Hassan Whiteside,NBA,29.78,,,,5.7100,1.0400,,
$500 NBA Daily 8/20,2020-08-20T14:06:54.303481,estk_1287a473f64deeb955086ea38656fe99,evt_1287a473f64deeb9,Aaron Gordon,NBA,27.68,,,,5.2900,1.0300,,
$500 NBA Daily 8/20,2020-08-20T14:06:54.303484,estk_1287a473f64deeb958d79b9f2662f624,evt_1287a473f64deeb9,Evan Fournier,NBA,25.75,,,,4.8600,1.0300,,
$500 NBA Daily 8/20,2020-08-20T14:06:54.303488,estk_1287a473f64deeb904749763bd15faac,evt_1287a473f64deeb9,Eric Bledsoe,NBA,25.55,,,,4.7900,1.0300,,
$500 NBA Daily 8/20,2020-08-20T14:06:54.303492,estk_1287a473f64deeb96a7e9a693923060b,evt_1287a473f64deeb9,Carmelo Anthony,NBA,25.43,,,,4.7800,1.0300,,
$500 NBA Daily 8/20,2020-08-20T14:06:54.303495,estk_1287a473f64deeb9ebfb1a44ae619e2e,evt_1287a473f64deeb9,Kyle Kuzma,NBA,25.15,,,,4.6900,1.0400,,
$500 NBA Daily 8/20,2020-08-20T14:06:54.303498,estk_1287a473f64deeb9806121a64c461e99,evt_1287a473f64deeb9,Brook Lopez,NBA,24.32,,,,4.5400,1.0300,,
$500 NBA Daily 8/20,2020-08-20T14:06:54.303502,estk_1287a473f64deeb9f95aa87cc77383be,evt_1287a473f64deeb9,Markelle Fultz,NBA,23.15,,,,4.3000,1.0200,,
$500 NBA Daily 8/20,2020-08-20T14:06:54.303505,estk_1287a473f64deeb9663b3162753394ed,evt_1287a473f64deeb9,Terrence Ross,NBA,20.02,,,,3.6800,1.0200,,
$500 NBA Daily 8/20,2020-08-20T14:06:54.303509,estk_1287a473f64deeb9828daf68b6f4025d,evt_1287a473f64deeb9,George Hill,NBA,19.66,,,,3.6700,1.0200,,
$500 NBA Daily 8/20,2020-08-20T14:06:54.303513,estk_1287a473f64deeb97d8f05cf2dd6dbea,evt_1287a473f64deeb9,D.J. Augustin,NBA,17.97,,,,3.3900,1.0200,,
$500 NBA Daily 8/20,2020-08-20T14:06:54.303516,estk_1287a473f64deeb9f2b631af853210c3,evt_1287a473f64deeb9,Kentavious Caldwell-Pope,NBA,18.14,,,,3.3700,1.0200,,
$500 NBA Daily 8/20,2020-08-20T14:06:54.303520,estk_1287a473f64deeb90b04a4c808a880c2,evt_1287a473f64deeb9,Gary Trent,NBA,17.16,,,,3.3200,1.0200,,
$500 NBA Daily 8/20,2020-08-20T14:06:54.303523,estk_1287a473f64deeb9a8ff2d0160121c76,evt_1287a473f64deeb9,Dwight Howard,NBA,17.62,,,,3.2700,1.0200,,
$500 NBA Daily 8/20,2020-08-20T14:06:54.303531,estk_1287a473f64deeb99076cef21a11902c,evt_1287a473f64deeb9,Donte DiVincenzo,NBA,15.85,,,,3.0800,1.0200,,
$500 NBA Daily 8/20,2020-08-20T14:06:54.303535,estk_1287a473f64deeb9c7f79998d02ebada,evt_1287a473f64deeb9,Danny Green,NBA,15.8,,,,3.0100,1.0200,,
$500 NBA Daily 8/20,2020-08-20T14:06:54.303538,estk_1287a473f64deeb9b349a48e189ba3d0,evt_1287a473f64deeb9,Pat Connaughton,NBA,15.68,,,,2.9800,1.0200,,
$500 NBA Daily 8/20,2020-08-20T14:06:54.303542,estk_1287a473f64deeb9f16014e0a040fe5b,evt_1287a473f64deeb9,Wesley Matthews,NBA,14.75,,,,2.8700,1.0100,,
$500 NBA Daily 8/20,2020-08-20T14:06:54.303545,estk_1287a473f64deeb9cc5df41068f20fef,evt_1287a473f64deeb9,Alex Caruso,NBA,14.2,,,,2.8300,1.0100,,
$500 NBA Daily 8/20,2020-08-20T14:06:54.303549,estk_1287a473f64deeb9c3a200d16d9a3fa2,evt_1287a473f64deeb9,JaVale McGee,NBA,13.82,,,,2.7700,1.0200,,
$500 NBA Daily 8/20,2020-08-20T14:06:54.303552,estk_1287a473f64deeb95684a141296027b3,evt_1287a473f64deeb9,James Ennis,NBA,13.67,,,,2.7400,1.0100,,
$500 NBA Daily 8/20,2020-08-20T14:06:54.303558,estk_1287a473f64deeb934e281c85e12c538,evt_1287a473f64deeb9,Khem Birch,NBA,13.28,,,,2.6800,1.0100,,
$500 NBA Daily 8/20,2020-08-20T14:06:54.303561,estk_1287a473f64deeb981cf003a81460da1,evt_1287a473f64deeb9,Markieff Morris,NBA,13.14,,,,2.6700,1.0100,,
$500 NBA Daily 8/20,2020-08-20T14:06:54.303565,estk_1287a473f64deeb911c18bea3e4a147b,evt_1287a473f64deeb9,Rajon Rondo,NBA,13.06,,,,2.6700,1.0100,,
$500 NBA Daily 8/20,2020-08-20T21:58:49.347913,estk_1287a473f64deeb91452baccd9371298,evt_1287a473f64deeb9,LeBron James,NBA,58.15,58.15,0,0,15.4000,7.4900,17.2100,
$500 NBA Daily 8/20,2020-08-20T21:58:49.347939,estk_1287a473f64deeb912d0c14aa5dfd232,evt_1287a473f64deeb9,Giannis Antetokounmpo,NBA,54.49,54.49,0,0,13.9800,7.1600,15.7600,
$500 NBA Daily 8/20,2020-08-20T21:58:49.347944,estk_1287a473f64deeb99af7d442f918404f,evt_1287a473f64deeb9,Anthony Davis,NBA,50.69,50.69,0,0,12.5800,7.2100,14.3300,
$500 NBA Daily 8/20,2020-08-20T21:58:49.347948,estk_1287a473f64deeb901113a8407ed38e2,evt_1287a473f64deeb9,Damian Lillard,NBA,47.4,47.4,0,0,11.3700,7.1800,13.1000,
$500 NBA Daily 8/20,2020-08-20T21:58:49.347952,estk_1287a473f64deeb9f6c7d554d2fa9f75,evt_1287a473f64deeb9,Nikola Vucevic,NBA,43.84,43.84,0,0,10.0700,6.9900,11.7700,
$500 NBA Daily 8/20,2020-08-20T21:58:49.347956,estk_1287a473f64deeb91a3043d6384c59cc,evt_1287a473f64deeb9,Jusuf Nurkic,NBA,37.69,37.69,0,0,8.0600,6.4600,9.7200,
$500 NBA Daily 8/20,2020-08-20T21:58:49.347960,estk_1287a473f64deeb94641ef307a4855e5,evt_1287a473f64deeb9,CJ McCollum,NBA,33.32,33.32,0,0,6.8400,6.0600,,
$500 NBA Daily 8/20,2020-08-20T21:58:49.347964,estk_1287a473f64deeb9f2604b3c6ec43ff2,evt_1287a473f64deeb9,Khris Middleton,NBA,32.67,32.67,0,0,6.6100,6.0100,8.2400,
$500 NBA Daily 8/20,2020-08-20T21:58:49.347968,estk_1287a473f64deeb931303064abb30322,evt_1287a473f64deeb9,Hassan Whiteside,NBA,29.78,29.78,0,0,5.9200,5.5000,7.5400,
$500 NBA Daily 8/20,2020-08-20T21:58:49.347972,estk_1287a473f64deeb958d79b9f2662f624,evt_1287a473f64deeb9,Evan Fournier,NBA,26.48,26.48,0,0,5.1200,4.8000,6.7200,
$500 NBA Daily 8/20,2020-08-20T21:58:49.347976,estk_1287a473f64deeb96a7e9a693923060b,evt_1287a473f64deeb9,Carmelo Anthony,NBA,25.43,25.43,0,0,4.9200,4.6200,6.5200,
$500 NBA Daily 8/20,2020-08-20T21:58:49.347980,estk_1287a473f64deeb904749763bd15faac,evt_1287a473f64deeb9,Eric Bledsoe,NBA,25.55,25.55,0,0,4.8700,4.6500,6.4700,
$500 NBA Daily 8/20,2020-08-20T21:58:49.347983,estk_1287a473f64deeb9ebfb1a44ae619e2e,evt_1287a473f64deeb9,Kyle Kuzma,NBA,25.15,25.15,0,0,4.7500,4.5600,,
$500 NBA Daily 8/20,2020-08-20T21:58:49.347987,estk_1287a473f64deeb9806121a64c461e99,evt_1287a473f64deeb9,Brook Lopez,NBA,24.32,24.32,0,0,4.6100,4.4000,6.2000,
$500 NBA Daily 8/20,2020-08-20T21:58:49.347990,estk_1287a473f64deeb9f95aa87cc77383be,evt_1287a473f64deeb9,Markelle Fultz,NBA,23.95,23.95,0,0,4.5200,4.3400,,
$500 NBA Daily 8/20,2020-08-20T21:58:49.347994,estk_1287a473f64deeb9663b3162753394ed,evt_1287a473f64deeb9,Terrence Ross,NBA,20.77,20.77,0,0,3.9100,3.7600,5.4900,
$500 NBA Daily 8/20,2020-08-20T21:58:49.347998,estk_1287a473f64deeb95684a141296027b3,evt_1287a473f64deeb9,James Ennis,NBA,19.26,19.26,0,0,3.6900,3.5200,5.2600,
$500 NBA Daily 8/20,2020-08-20T21:58:49.348002,estk_1287a473f64deeb9828daf68b6f4025d,evt_1287a473f64deeb9,George Hill,NBA,19.66,19.66,0,0,3.6300,3.5600,5.2000,
$500 NBA Daily 8/20,2020-08-20T21:58:49.348006,estk_1287a473f64deeb97d8f05cf2dd6dbea,evt_1287a473f64deeb9,D.J. Augustin,NBA,17.97,17.97,0,0,3.4700,3.3000,5.0400,
$500 NBA Daily 8/20,2020-08-20T21:58:49.348010,estk_1287a473f64deeb9f2b631af853210c3,evt_1287a473f64deeb9,Kentavious Caldwell-Pope,NBA,18.14,18.14,0,0,3.4600,3.3600,5.0300,
$500 NBA Daily 8/20,2020-08-20T21:58:49.348013,estk_1287a473f64deeb90b04a4c808a880c2,evt_1287a473f64deeb9,Gary Trent,NBA,17.16,17.16,0,0,3.3300,3.1900,4.9000,
$500 NBA Daily 8/20,2020-08-20T21:58:49.348017,estk_1287a473f64deeb9a8ff2d0160121c76,evt_1287a473f64deeb9,Dwight Howard,NBA,17.62,17.62,0,0,3.3100,3.2500,4.8800,
$500 NBA Daily 8/20,2020-08-20T21:58:49.348020,estk_1287a473f64deeb9c7f79998d02ebada,evt_1287a473f64deeb9,Danny Green,NBA,15.8,15.8,0,0,3.1200,3.0000,4.6800,
$500 NBA Daily 8/20,2020-08-20T21:58:49.348024,estk_1287a473f64deeb99076cef21a11902c,evt_1287a473f64deeb9,Donte DiVincenzo,NBA,15.85,15.85,0,0,3.1000,2.9800,4.6600,
$500 NBA Daily 8/20,2020-08-20T21:58:49.348027,estk_1287a473f64deeb9b349a48e189ba3d0,evt_1287a473f64deeb9,Pat Connaughton,NBA,15.68,15.68,0,0,3.0500,3.0000,4.6100,
$500 NBA Daily 8/20,2020-08-20T21:58:49.348031,estk_1287a473f64deeb9f16014e0a040fe5b,evt_1287a473f64deeb9,Wesley Matthews,NBA,14.75,14.75,0,0,2.9500,2.8700,4.5100,
$500 NBA Daily 8/20,2020-08-20T21:58:49.348035,estk_1287a473f64deeb9cc5df41068f20fef,evt_1287a473f64deeb9,Alex Caruso,NBA,14.2,14.2,0,0,2.8400,2.8100,4.4000,
$500 NBA Daily 8/20,2020-08-20T21:58:49.348038,estk_1287a473f64deeb9c3a200d16d9a3fa2,evt_1287a473f64deeb9,JaVale McGee,NBA,13.82,13.82,0,0,2.8000,2.7600,4.3600,
$500 NBA Daily 8/20,2020-08-20T21:58:49.348042,estk_1287a473f64deeb934e281c85e12c538,evt_1287a473f64deeb9,Khem Birch,NBA,13.28,13.28,0,0,2.7300,2.6600,,
$500 NBA Daily 8/20,2020-08-20T21:58:49.348046,estk_1287a473f64deeb981cf003a81460da1,evt_1287a473f64deeb9,Markieff Morris,NBA,13.14,13.14,0,0,2.7300,2.6500,4.2800,
$500 NBA Daily 8/20,2020-08-20T21:58:49.348049,estk_1287a473f64deeb911c18bea3e4a147b,evt_1287a473f64deeb9,Rajon Rondo,NBA,13.06,13.06,0,0,2.7300,2.6400,4.2800,
$500 NBA Daily 8/20,2020-08-20T21:58:49.348053,estk_1287a473f64deeb955086ea38656fe99,evt_1287a473f64deeb9,Aaron Gordon,NBA,0,0,0,0,1.0000,3.4300,2.5200,
$500 NBA Daily 8/20,2020-08-20T21:58:49.358643,estk_1287a473f64deeb91452baccd9371298,evt_1287a473f64deeb9,LeBron James,NBA,58.15,58.15,0,0,15.4000,7.4900,17.2100,
$500 NBA Daily 8/20,2020-08-20T21:58:49.358665,estk_1287a473f64deeb912d0c14aa5dfd232,evt_1287a473f64deeb9,Giannis Antetokounmpo,NBA,54.49,54.49,0,0,13.9800,7.1600,15.7600,
$500 NBA Daily 8/20,2020-08-20T21:58:49.358671,estk_1287a473f64deeb99af7d442f918404f,evt_1287a473f64deeb9,Anthony Davis,NBA,50.69,50.69,0,0,12.5800,7.2100,14.3300,
$500 NBA Daily 8/20,2020-08-20T21:58:49.358675,estk_1287a473f64deeb901113a8407ed38e2,evt_1287a473f64deeb9,Damian Lillard,NBA,47.4,47.4,0,0,11.3700,7.1800,13.1000,
$500 NBA Daily 8/20,2020-08-20T21:58:49.358680,estk_1287a473f64deeb9f6c7d554d2fa9f75,evt_1287a473f64deeb9,Nikola Vucevic,NBA,43.84,43.84,0,0,10.0700,6.9900,11.7700,
$500 NBA Daily 8/20,2020-08-20T21:58:49.358684,estk_1287a473f64deeb91a3043d6384c59cc,evt_1287a473f64deeb9,Jusuf Nurkic,NBA,37.69,37.69,0,0,8.0600,6.4600,9.7200,
$500 NBA Daily 8/20,2020-08-20T21:58:49.358688,estk_1287a473f64deeb94641ef307a4855e5,evt_1287a473f64deeb9,CJ McCollum,NBA,33.32,33.32,0,0,6.8400,6.0600,8.4800,
$500 NBA Daily 8/20,2020-08-20T21:58:49.358692,estk_1287a473f64deeb9f2604b3c6ec43ff2,evt_1287a473f64deeb9,Khris Middleton,NBA,32.67,32.67,0,0,6.6100,6.0100,8.2400,
$500 NBA Daily 8/20,2020-08-20T21:58:49.358696,estk_1287a473f64deeb931303064abb30322,evt_1287a473f64deeb9,Hassan Whiteside,NBA,29.78,29.78,0,0,5.9200,5.5000,7.5400,
$500 NBA Daily 8/20,2020-08-20T21:58:49.358701,estk_1287a473f64deeb958d79b9f2662f624,evt_1287a473f64deeb9,Evan Fournier,NBA,26.48,26.48,0,0,5.1200,4.8000,6.7200,
$500 NBA Daily 8/20,2020-08-20T21:58:49.358705,estk_1287a473f64deeb96a7e9a693923060b,evt_1287a473f64deeb9,Carmelo Anthony,NBA,25.43,25.43,0,0,4.9200,4.6200,6.5200,
$500 NBA Daily 8/20,2020-08-20T21:58:49.358709,estk_1287a473f64deeb904749763bd15faac,evt_1287a473f64deeb9,Eric Bledsoe,NBA,25.55,25.55,0,0,4.8700,4.6500,6.4700,
$500 NBA Daily 8/20,2020-08-20T21:58:49.358713,estk_1287a473f64deeb9ebfb1a44ae619e2e,evt_1287a473f64deeb9,Kyle Kuzma,NBA,25.15,25.15,0,0,4.7500,4.5600,6.3500,
$500 NBA Daily 8/20,2020-08-20T21:58:49.358717,estk_1287a473f64deeb9806121a64c461e99,evt_1287a473f64deeb9,Brook Lopez,NBA,24.32,24.32,0,0,4.6100,4.4000,6.2000,
$500 NBA Daily 8/20,2020-08-20T21:58:49.358721,estk_1287a473f64deeb9f95aa87cc77383be,evt_1287a473f64deeb9,Markelle Fultz,NBA,23.95,23.95,0,0,4.5200,4.3400,,
$500 NBA Daily 8/20,2020-08-20T21:58:49.358725,estk_1287a473f64deeb9663b3162753394ed,evt_1287a473f64deeb9,Terrence Ross,NBA,20.77,20.77,0,0,3.9100,3.7600,5.4900,
$500 NBA Daily 8/20,2020-08-20T21:58:49.358729,estk_1287a473f64deeb95684a141296027b3,evt_1287a473f64deeb9,James Ennis,NBA,19.26,19.26,0,0,3.6900,3.5200,5.2600,
$500 NBA Daily 8/20,2020-08-20T21:58:49.358733,estk_1287a473f64deeb9828daf68b6f4025d,evt_1287a473f64deeb9,George Hill,NBA,19.66,19.66,0,0,3.6300,3.5600,5.2000,
$500 NBA Daily 8/20,2020-08-20T21:58:49.358737,estk_1287a473f64deeb97d8f05cf2dd6dbea,evt_1287a473f64deeb9,D.J. Augustin,NBA,17.97,17.97,0,0,3.4700,3.3000,5.0400,
$500 NBA Daily 8/20,2020-08-20T21:58:49.358741,estk_1287a473f64deeb9f2b631af853210c3,evt_1287a473f64deeb9,Kentavious Caldwell-Pope,NBA,18.14,18.14,0,0,3.4600,3.3600,5.0300,
$500 NBA Daily 8/20,2020-08-20T21:58:49.358745,estk_1287a473f64deeb90b04a4c808a880c2,evt_1287a473f64deeb9,Gary Trent,NBA,17.16,17.16,0,0,3.3300,3.1900,4.9000,
$500 NBA Daily 8/20,2020-08-20T21:58:49.358749,estk_1287a473f64deeb9a8ff2d0160121c76,evt_1287a473f64deeb9,Dwight Howard,NBA,17.62,17.62,0,0,3.3100,3.2500,4.8800,
$500 NBA Daily 8/20,2020-08-20T21:58:49.358753,estk_1287a473f64deeb9c7f79998d02ebada,evt_1287a473f64deeb9,Danny Green,NBA,15.8,15.8,0,0,3.1200,3.0000,4.6800,
$500 NBA Daily 8/20,2020-08-20T21:58:49.358757,estk_1287a473f64deeb99076cef21a11902c,evt_1287a473f64deeb9,Donte DiVincenzo,NBA,15.85,15.85,0,0,3.1000,2.9800,4.6600,
$500 NBA Daily 8/20,2020-08-20T21:58:49.358760,estk_1287a473f64deeb9b349a48e189ba3d0,evt_1287a473f64deeb9,Pat Connaughton,NBA,15.68,15.68,0,0,3.0500,3.0000,4.6100,
$500 NBA Daily 8/20,2020-08-20T21:58:49.358764,estk_1287a473f64deeb9f16014e0a040fe5b,evt_1287a473f64deeb9,Wesley Matthews,NBA,14.75,14.75,0,0,2.9500,2.8700,4.5100,
$500 NBA Daily 8/20,2020-08-20T21:58:49.358768,estk_1287a473f64deeb9cc5df41068f20fef,evt_1287a473f64deeb9,Alex Caruso,NBA,14.2,14.2,0,0,2.8400,2.8100,4.4000,
$500 NBA Daily 8/20,2020-08-20T21:58:49.358772,estk_1287a473f64deeb9c3a200d16d9a3fa2,evt_1287a473f64deeb9,JaVale McGee,NBA,13.82,13.82,0,0,2.8000,2.7600,4.3600,
$500 NBA Daily 8/20,2020-08-20T21:58:49.358776,estk_1287a473f64deeb934e281c85e12c538,evt_1287a473f64deeb9,Khem Birch,NBA,13.28,13.28,0,0,2.7300,2.6600,,
$500 NBA Daily 8/20,2020-08-20T21:58:49.358779,estk_1287a473f64deeb981cf003a81460da1,evt_1287a473f64deeb9,Markieff Morris,NBA,13.14,13.14,0,0,2.7300,2.6500,4.2800,
$500 NBA Daily 8/20,2020-08-20T21:58:49.358783,estk_1287a473f64deeb911c18bea3e4a147b,evt_1287a473f64deeb9,Rajon Rondo,NBA,13.06,13.06,0,0,2.7300,2.6400,4.2800,
$500 NBA Daily 8/20,2020-08-20T21:58:49.358787,estk_1287a473f64deeb955086ea38656fe99,evt_1287a473f64deeb9,Aaron Gordon,NBA,0,0,0,0,1.0000,3.4300,2.5200,
$500 NBA Daily 8/20,2020-08-20T22:12:28.120338,estk_1287a473f64deeb912d0c14aa5dfd232,evt_1287a473f64deeb9,Giannis Antetokounmpo,NBA,54.49,57.9,4.5,0.02,13.9300,7.1600,15.7600,
$500 NBA Daily 8/20,2020-08-20T22:12:28.120353,estk_1287a473f64deeb9f6c7d554d2fa9f75,evt_1287a473f64deeb9,Nikola Vucevic,NBA,43.84,42.96,0,0.02,10.0900,6.9900,11.7700,
$500 NBA Daily 8/20,2020-08-20T22:12:28.120365,estk_1287a473f64deeb9f2604b3c6ec43ff2,evt_1287a473f64deeb9,Khris Middleton,NBA,32.67,31.52,-0.5,0.02,6.6500,6.0100,8.2400,
$500 NBA Daily 8/20,2020-08-20T22:12:28.120372,estk_1287a473f64deeb958d79b9f2662f624,evt_1287a473f64deeb9,Evan Fournier,NBA,26.48,25.95,0,0.02,5.0800,4.8000,6.7200,
$500 NBA Daily 8/20,2020-08-20T22:12:28.120381,estk_1287a473f64deeb904749763bd15faac,evt_1287a473f64deeb9,Eric Bledsoe,NBA,25.55,25.04,0,0.02,4.8200,4.6500,6.4700,
$500 NBA Daily 8/20,2020-08-20T22:12:28.120389,estk_1287a473f64deeb9f95aa87cc77383be,evt_1287a473f64deeb9,Markelle Fultz,NBA,23.95,22.97,-0.5,0.02,4.5800,4.3400,6.1100,
$500 NBA Daily 8/20,2020-08-20T22:12:28.120393,estk_1287a473f64deeb9806121a64c461e99,evt_1287a473f64deeb9,Brook Lopez,NBA,24.32,23.83,0,0.02,4.5400,4.4000,6.2000,
$500 NBA Daily 8/20,2020-08-20T22:12:28.120397,estk_1287a473f64deeb9663b3162753394ed,evt_1287a473f64deeb9,Terrence Ross,NBA,20.77,20.35,0,0.02,3.9100,3.7600,5.4900,
$500 NBA Daily 8/20,2020-08-20T22:12:28.120401,estk_1287a473f64deeb9828daf68b6f4025d,evt_1287a473f64deeb9,George Hill,NBA,19.66,19.27,0,0.02,3.7100,3.5600,5.2000,
$500 NBA Daily 8/20,2020-08-20T22:12:28.120405,estk_1287a473f64deeb95684a141296027b3,evt_1287a473f64deeb9,James Ennis,NBA,19.26,20.12,1.25,0.02,3.6800,3.5200,5.2600,
$500 NBA Daily 8/20,2020-08-20T22:12:28.120413,estk_1287a473f64deeb97d8f05cf2dd6dbea,evt_1287a473f64deeb9,D.J. Augustin,NBA,17.97,17.61,0,0.02,3.4000,3.3000,5.0400,
$500 NBA Daily 8/20,2020-08-20T22:12:28.120425,estk_1287a473f64deeb99076cef21a11902c,evt_1287a473f64deeb9,Donte DiVincenzo,NBA,15.85,15.53,0,0.02,3.1300,2.9800,4.6600,
$500 NBA Daily 8/20,2020-08-20T22:12:28.120433,estk_1287a473f64deeb9b349a48e189ba3d0,evt_1287a473f64deeb9,Pat Connaughton,NBA,15.68,15.37,0,0.02,3.0300,3.0000,4.6100,
$500 NBA Daily 8/20,2020-08-20T22:12:28.120437,estk_1287a473f64deeb9f16014e0a040fe5b,evt_1287a473f64deeb9,Wesley Matthews,NBA,14.75,14.46,0,0.02,2.9600,2.8700,4.5100,
$500 NBA Daily 8/20,2020-08-20T22:12:28.120451,estk_1287a473f64deeb934e281c85e12c538,evt_1287a473f64deeb9,Khem Birch,NBA,13.28,13.01,0,0.02,2.7400,2.6600,4.2800,
$500 NBA Daily 8/20,2020-08-20T22:12:28.120459,estk_1287a473f64deeb955086ea38656fe99,evt_1287a473f64deeb9,Aaron Gordon,NBA,0,0,0,0.02,1.0000,3.4300,2.5200,
$500 NBA Daily 8/20,2020-08-20T22:12:58.711701,estk_1287a473f64deeb912d0c14aa5dfd232,evt_1287a473f64deeb9,Giannis Antetokounmpo,NBA,54.49,57.9,4.5,0.02,13.9300,7.1600,15.7600,2.3300
$500 NBA Daily 8/20,2020-08-20T22:12:58.711715,estk_1287a473f64deeb9f6c7d554d2fa9f75,evt_1287a473f64deeb9,Nikola Vucevic,NBA,43.84,42.96,0,0.02,10.0900,6.9900,11.7700,
$500 NBA Daily 8/20,2020-08-20T22:12:58.711725,estk_1287a473f64deeb9f2604b3c6ec43ff2,evt_1287a473f64deeb9,Khris Middleton,NBA,32.67,31.52,-0.5,0.02,6.6500,6.0100,8.2400,3.1600
$500 NBA Daily 8/20,2020-08-20T22:12:58.711733,estk_1287a473f64deeb958d79b9f2662f624,evt_1287a473f64deeb9,Evan Fournier,NBA,26.48,25.95,0,0.02,5.0800,4.8000,6.7200,1.8300
$500 NBA Daily 8/20,2020-08-20T22:12:58.711741,estk_1287a473f64deeb904749763bd15faac,evt_1287a473f64deeb9,Eric Bledsoe,NBA,25.55,25.04,0,0.02,4.8200,4.6500,6.4700,5.9700
$500 NBA Daily 8/20,2020-08-20T22:12:58.711748,estk_1287a473f64deeb9f95aa87cc77383be,evt_1287a473f64deeb9,Markelle Fultz,NBA,23.95,22.97,-0.5,0.02,4.5800,4.3400,6.1100,3.4800
$500 NBA Daily 8/20,2020-08-20T22:12:58.711752,estk_1287a473f64deeb9806121a64c461e99,evt_1287a473f64deeb9,Brook Lopez,NBA,24.32,23.83,0,0.02,4.5400,4.4000,6.2000,
$500 NBA Daily 8/20,2020-08-20T22:12:58.711756,estk_1287a473f64deeb9663b3162753394ed,evt_1287a473f64deeb9,Terrence Ross,NBA,20.77,20.35,0,0.02,3.9100,3.7600,5.4900,
$500 NBA Daily 8/20,2020-08-20T22:12:58.711760,estk_1287a473f64deeb9828daf68b6f4025d,evt_1287a473f64deeb9,George Hill,NBA,19.66,19.27,0,0.02,3.7100,3.5600,5.2000,3.4800
$500 NBA Daily 8/20,2020-08-20T22:12:58.711764,estk_1287a473f64deeb95684a141296027b3,evt_1287a473f64deeb9,James Ennis,NBA,19.26,20.12,1.25,0.02,3.6800,3.5200,5.2600,
$500 NBA Daily 8/20,2020-08-20T22:12:58.711772,estk_1287a473f64deeb97d8f05cf2dd6dbea,evt_1287a473f64deeb9,D.J. Augustin,NBA,17.97,17.61,0,0.02,3.4000,3.3000,5.0400,4.5400
$500 NBA Daily 8/20,2020-08-20T22:12:58.711783,estk_1287a473f64deeb99076cef21a11902c,evt_1287a473f64deeb9,Donte DiVincenzo,NBA,15.85,15.53,0,0.02,3.1300,2.9800,4.6600,4.1600
$500 NBA Daily 8/20,2020-08-20T22:12:58.711789,estk_1287a473f64deeb9b349a48e189ba3d0,evt_1287a473f64deeb9,Pat Connaughton,NBA,15.68,15.37,0,0.02,3.0300,3.0000,4.6100,
$500 NBA Daily 8/20,2020-08-20T22:12:58.711793,estk_1287a473f64deeb9f16014e0a040fe5b,evt_1287a473f64deeb9,Wesley Matthews,NBA,14.75,14.46,0,0.02,2.9600,2.8700,4.5100,4.0100
$500 NBA Daily 8/20,2020-08-20T22:12:58.711807,estk_1287a473f64deeb934e281c85e12c538,evt_1287a473f64deeb9,Khem Birch,NBA,13.28,13.01,0,0.02,2.7400,2.6600,4.2800,3.7800
$500 NBA Daily 8/20,2020-08-20T22:12:58.711814,estk_1287a473f64deeb955086ea38656fe99,evt_1287a473f64deeb9,Aaron Gordon,NBA,0,0,0,0.02,1.0000,3.4300,2.5200,2.0200
$500 NBA Daily 8/20,2020-08-20T22:13:28.771845,estk_1287a473f64deeb912d0c14aa5dfd232,evt_1287a473f64deeb9,Giannis Antetokounmpo,NBA,54.49,58.77,7,0.05,15.3200,7.1600,15.7600,2.3300
$500 NBA Daily 8/20,2020-08-20T22:13:28.771860,estk_1287a473f64deeb9f6c7d554d2fa9f75,evt_1287a473f64deeb9,Nikola Vucevic,NBA,43.84,42.4,0.75,0.05,9.8300,6.9900,11.7700,2.3300
$500 NBA Daily 8/20,2020-08-20T22:13:28.771872,estk_1287a473f64deeb9f2604b3c6ec43ff2,evt_1287a473f64deeb9,Khris Middleton,NBA,32.67,31.54,0.5,0.05,6.2600,6.0100,8.2400,3.1600
$500 NBA Daily 8/20,2020-08-20T22:13:28.771879,estk_1287a473f64deeb958d79b9f2662f624,evt_1287a473f64deeb9,Evan Fournier,NBA,26.48,25.91,0.75,0.05,4.9000,4.8000,6.7200,2.1100
$500 NBA Daily 8/20,2020-08-20T22:13:28.771891,estk_1287a473f64deeb904749763bd15faac,evt_1287a473f64deeb9,Eric Bledsoe,NBA,25.55,23.77,-0.5,0.05,4.7600,4.6500,6.4700,5.9700
$500 NBA Daily 8/20,2020-08-20T22:13:28.771895,estk_1287a473f64deeb9806121a64c461e99,evt_1287a473f64deeb9,Brook Lopez,NBA,24.32,27.1,4,0.05,4.5000,4.4000,6.2000,2.9500
$500 NBA Daily 8/20,2020-08-20T22:13:28.771899,estk_1287a473f64deeb9f95aa87cc77383be,evt_1287a473f64deeb9,Markelle Fultz,NBA,23.95,22.25,-0.5,0.05,4.3000,4.3400,6.1100,3.4800
$500 NBA Daily 8/20,2020-08-20T22:13:28.771904,estk_1287a473f64deeb9663b3162753394ed,evt_1287a473f64deeb9,Terrence Ross,NBA,20.77,19.73,0,0.05,3.8200,3.7600,5.4900,
$500 NBA Daily 8/20,2020-08-20T22:13:28.771907,estk_1287a473f64deeb95684a141296027b3,evt_1287a473f64deeb9,James Ennis,NBA,19.26,20.3,2,0.05,3.7600,3.5200,5.2600,2.3300
$500 NBA Daily 8/20,2020-08-20T22:13:28.771912,estk_1287a473f64deeb9828daf68b6f4025d,evt_1287a473f64deeb9,George Hill,NBA,19.66,18.68,0,0.05,3.6400,3.5600,5.2000,3.4800
$500 NBA Daily 8/20,2020-08-20T22:13:28.771919,estk_1287a473f64deeb97d8f05cf2dd6dbea,evt_1287a473f64deeb9,D.J. Augustin,NBA,17.97,17.07,0,0.05,3.3800,3.3000,5.0400,4.5400
$500 NBA Daily 8/20,2020-08-20T22:13:28.771934,estk_1287a473f64deeb9b349a48e189ba3d0,evt_1287a473f64deeb9,Pat Connaughton,NBA,15.68,14.9,0,0.05,3.0600,3.0000,4.6100,2.9500
$500 NBA Daily 8/20,2020-08-20T22:13:28.771938,estk_1287a473f64deeb99076cef21a11902c,evt_1287a473f64deeb9,Donte DiVincenzo,NBA,15.85,15.06,0,0.05,3.0200,2.9800,4.6600,4.1600
$500 NBA Daily 8/20,2020-08-20T22:13:28.771945,estk_1287a473f64deeb9f16014e0a040fe5b,evt_1287a473f64deeb9,Wesley Matthews,NBA,14.75,13.51,-0.5,0.05,2.8800,2.8700,4.5100,4.0100
$500 NBA Daily 8/20,2020-08-20T22:13:28.771960,estk_1287a473f64deeb934e281c85e12c538,evt_1287a473f64deeb9,Khem Birch,NBA,13.28,12.62,0,0.05,2.7100,2.6600,4.2800,3.7800
$500 NBA Daily 8/20,2020-08-20T22:13:28.771964,estk_1287a473f64deeb955086ea38656fe99,evt_1287a473f64deeb9,Aaron Gordon,NBA,0,0,0,0.05,1.0000,3.4300,2.5200,2.0200
$500 NBA Daily 8/20,2020-08-20T22:13:59.325980,estk_1287a473f64deeb912d0c14aa5dfd232,evt_1287a473f64deeb9,Giannis Antetokounmpo,NBA,54.49,58.77,7,0.05,15.3200,7.1600,,13.5100
$500 NBA Daily 8/20,2020-08-20T22:13:59.325995,estk_1287a473f64deeb9f6c7d554d2fa9f75,evt_1287a473f64deeb9,Nikola Vucevic,NBA,43.84,42.4,0.75,0.05,9.8300,6.9900,11.7700,8.1300
$500 NBA Daily 8/20,2020-08-20T22:13:59.326006,estk_1287a473f64deeb9f2604b3c6ec43ff2,evt_1287a473f64deeb9,Khris Middleton,NBA,32.67,31.54,0.5,0.05,6.2600,6.0100,8.2400,2.2400
$500 NBA Daily 8/20,2020-08-20T22:13:59.326013,estk_1287a473f64deeb958d79b9f2662f624,evt_1287a473f64deeb9,Evan Fournier,NBA,26.48,25.91,0.75,0.05,4.9000,4.8000,6.7200,3.3000
$500 NBA Daily 8/20,2020-08-20T22:13:59.326024,estk_1287a473f64deeb904749763bd15faac,evt_1287a473f64deeb9,Eric Bledsoe,NBA,25.55,23.77,-0.5,0.05,4.7600,4.6500,6.4700,3.4800
$500 NBA Daily 8/20,2020-08-20T22:13:59.326028,estk_1287a473f64deeb9806121a64c461e99,evt_1287a473f64deeb9,Brook Lopez,NBA,24.32,27.1,4,0.05,4.5000,4.4000,6.2000,2.9500
$500 NBA Daily 8/20,2020-08-20T22:13:59.326032,estk_1287a473f64deeb9f95aa87cc77383be,evt_1287a473f64deeb9,Markelle Fultz,NBA,23.95,22.25,-0.5,0.05,4.3000,4.3400,6.1100,2.7100
$500 NBA Daily 8/20,2020-08-20T22:13:59.326036,estk_1287a473f64deeb9663b3162753394ed,evt_1287a473f64deeb9,Terrence Ross,NBA,20.77,19.73,0,0.05,3.8200,3.7600,5.4900,2.2400
$500 NBA Daily 8/20,2020-08-20T22:13:59.326040,estk_1287a473f64deeb95684a141296027b3,evt_1287a473f64deeb9,James Ennis,NBA,19.26,20.3,2,0.05,3.7600,3.5200,5.2600,2.3300
$500 NBA Daily 8/20,2020-08-20T22:13:59.326044,estk_1287a473f64deeb9828daf68b6f4025d,evt_1287a473f64deeb9,George Hill,NBA,19.66,18.68,0,0.05,3.6400,3.5600,5.2000,2.3300
$500 NBA Daily 8/20,2020-08-20T22:13:59.326051,estk_1287a473f64deeb97d8f05cf2dd6dbea,evt_1287a473f64deeb9,D.J. Augustin,NBA,17.97,17.07,0,0.05,3.3800,3.3000,5.0400,2.2400
$500 NBA Daily 8/20,2020-08-20T22:13:59.326066,estk_1287a473f64deeb9b349a48e189ba3d0,evt_1287a473f64deeb9,Pat Connaughton,NBA,15.68,14.9,0,0.05,3.0600,3.0000,4.6100,2.9500
$500 NBA Daily 8/20,2020-08-20T22:13:59.326069,estk_1287a473f64deeb99076cef21a11902c,evt_1287a473f64deeb9,Donte DiVincenzo,NBA,15.85,15.06,0,0.05,3.0200,2.9800,4.6600,2.2400
$500 NBA Daily 8/20,2020-08-20T22:13:59.326076,estk_1287a473f64deeb9f16014e0a040fe5b,evt_1287a473f64deeb9,Wesley Matthews,NBA,14.75,13.51,-0.5,0.05,2.8800,2.8700,4.5100,2.9500
$500 NBA Daily 8/20,2020-08-20T22:13:59.326090,estk_1287a473f64deeb934e281c85e12c538,evt_1287a473f64deeb9,Khem Birch,NBA,13.28,12.62,0,0.05,2.7100,2.6600,4.2800,2.2400
$500 NBA Daily 8/20,2020-08-20T22:13:59.326093,estk_1287a473f64deeb955086ea38656fe99,evt_1287a473f64deeb9,Aaron Gordon,NBA,0,0,0,0.05,1.0000,3.4300,2.5200,2.0200
$500 NBA Daily 8/20,2020-08-20T22:14:29.377637,estk_1287a473f64deeb912d0c14aa5dfd232,evt_1287a473f64deeb9,Giannis Antetokounmpo,NBA,54.49,58.22,7,0.06,15.6900,7.1600,,13.5100
$500 NBA Daily 8/20,2020-08-20T22:14:29.377684,estk_1287a473f64deeb9f6c7d554d2fa9f75,evt_1287a473f64deeb9,Nikola Vucevic,NBA,43.84,41.96,0.75,0.06,9.6500,6.9900,11.7700,8.1300
$500 NBA Daily 8/20,2020-08-20T22:14:29.377696,estk_1287a473f64deeb9f2604b3c6ec43ff2,evt_1287a473f64deeb9,Khris Middleton,NBA,32.67,31.21,0.5,0.06,6.2800,6.0100,8.2400,4.6300
$500 NBA Daily 8/20,2020-08-20T22:14:29.377704,estk_1287a473f64deeb9806121a64c461e99,evt_1287a473f64deeb9,Brook Lopez,NBA,24.32,26.86,4,0.06,5.1500,4.4000,6.2000,2.9500
$500 NBA Daily 8/20,2020-08-20T22:14:29.377708,estk_1287a473f64deeb958d79b9f2662f624,evt_1287a473f64deeb9,Evan Fournier,NBA,26.48,25.64,0.75,0.06,4.8900,4.8000,6.7200,3.3000
$500 NBA Daily 8/20,2020-08-20T22:14:29.377720,estk_1287a473f64deeb904749763bd15faac,evt_1287a473f64deeb9,Eric Bledsoe,NBA,25.55,23.52,-0.5,0.06,4.4900,4.6500,6.4700,3.4800
$500 NBA Daily 8/20,2020-08-20T22:14:29.377724,estk_1287a473f64deeb9f95aa87cc77383be,evt_1287a473f64deeb9,Markelle Fultz,NBA,23.95,23.51,1,0.06,4.1700,4.3400,6.1100,2.7100
$500 NBA Daily 8/20,2020-08-20T22:14:29.377728,estk_1287a473f64deeb95684a141296027b3,evt_1287a473f64deeb9,James Ennis,NBA,19.26,20.1,2,0.06,3.7600,3.5200,5.2600,2.3300
$500 NBA Daily 8/20,2020-08-20T22:14:29.377732,estk_1287a473f64deeb9663b3162753394ed,evt_1287a473f64deeb9,Terrence Ross,NBA,20.77,19.52,0,0.06,3.6700,3.7600,5.4900,2.2400
$500 NBA Daily 8/20,2020-08-20T22:14:29.377736,estk_1287a473f64deeb9828daf68b6f4025d,evt_1287a473f64deeb9,George Hill,NBA,19.66,18.48,0,0.06,3.5200,3.5600,5.2000,2.3300
$500 NBA Daily 8/20,2020-08-20T22:14:29.377751,estk_1287a473f64deeb97d8f05cf2dd6dbea,evt_1287a473f64deeb9,D.J. Augustin,NBA,17.97,16.89,0,0.06,3.2700,3.3000,5.0400,2.2400
$500 NBA Daily 8/20,2020-08-20T22:14:29.377758,estk_1287a473f64deeb99076cef21a11902c,evt_1287a473f64deeb9,Donte DiVincenzo,NBA,15.85,14.9,0,0.06,2.9400,2.9800,4.6600,2.2400
$500 NBA Daily 8/20,2020-08-20T22:14:29.377762,estk_1287a473f64deeb9b349a48e189ba3d0,evt_1287a473f64deeb9,Pat Connaughton,NBA,15.68,14.74,0,0.06,2.9400,3.0000,4.6100,2.2400
$500 NBA Daily 8/20,2020-08-20T22:14:29.377777,estk_1287a473f64deeb9f16014e0a040fe5b,evt_1287a473f64deeb9,Wesley Matthews,NBA,14.75,13.36,-0.5,0.06,2.7200,2.8700,4.5100,2.2400
$500 NBA Daily 8/20,2020-08-20T22:14:29.377784,estk_1287a473f64deeb934e281c85e12c538,evt_1287a473f64deeb9,Khem Birch,NBA,13.28,12.48,0,0.06,2.6600,2.6600,4.2800,2.2400
$500 NBA Daily 8/20,2020-08-20T22:14:29.377788,estk_1287a473f64deeb955086ea38656fe99,evt_1287a473f64deeb9,Aaron Gordon,NBA,0,0,0,0.06,1.0000,3.4300,2.5200,2.0200
$500 NBA Daily 8/20,2020-08-20T22:14:29.641860,estk_1287a473f64deeb912d0c14aa5dfd232,evt_1287a473f64deeb9,Giannis Antetokounmpo,NBA,54.49,58.22,7,0.06,15.6900,7.1600,,13.5100
$500 NBA Daily 8/20,2020-08-20T22:14:29.641902,estk_1287a473f64deeb9f6c7d554d2fa9f75,evt_1287a473f64deeb9,Nikola Vucevic,NBA,43.84,41.96,0.75,0.06,9.6500,6.9900,11.7700,8.1300
$500 NBA Daily 8/20,2020-08-20T22:14:29.641913,estk_1287a473f64deeb9f2604b3c6ec43ff2,evt_1287a473f64deeb9,Khris Middleton,NBA,32.67,31.21,0.5,0.06,6.2800,6.0100,8.2400,4.6300
$500 NBA Daily 8/20,2020-08-20T22:14:29.641920,estk_1287a473f64deeb9806121a64c461e99,evt_1287a473f64deeb9,Brook Lopez,NBA,24.32,26.86,4,0.06,5.1500,4.4000,6.2000,2.9500
$500 NBA Daily 8/20,2020-08-20T22:14:29.641925,estk_1287a473f64deeb958d79b9f2662f624,evt_1287a473f64deeb9,Evan Fournier,NBA,26.48,25.64,0.75,0.06,4.8900,4.8000,6.7200,3.3000
$500 NBA Daily 8/20,2020-08-20T22:14:29.641936,estk_1287a473f64deeb904749763bd15faac,evt_1287a473f64deeb9,Eric Bledsoe,NBA,25.55,23.52,-0.5,0.06,4.4900,4.6500,6.4700,3.4800
$500 NBA Daily 8/20,2020-08-20T22:14:29.641940,estk_1287a473f64deeb9f95aa87cc77383be,evt_1287a473f64deeb9,Markelle Fultz,NBA,23.95,23.51,1,0.06,4.1700,4.3400,6.1100,2.7100
$500 NBA Daily 8/20,2020-08-20T22:14:29.641944,estk_1287a473f64deeb95684a141296027b3,evt_1287a473f64deeb9,James Ennis,NBA,19.26,20.1,2,0.06,3.7600,3.5200,5.2600,2.3300
$500 NBA Daily 8/20,2020-08-20T22:14:29.641948,estk_1287a473f64deeb9663b3162753394ed,evt_1287a473f64deeb9,Terrence Ross,NBA,20.77,19.52,0,0.06,3.6700,3.7600,5.4900,2.2400
$500 NBA Daily 8/20,2020-08-20T22:14:29.641952,estk_1287a473f64deeb9828daf68b6f4025d,evt_1287a473f64deeb9,George Hill,NBA,19.66,18.48,0,0.06,3.5200,3.5600,5.2000,2.3300
$500 NBA Daily 8/20,2020-08-20T22:14:29.641967,estk_1287a473f64deeb97d8f05cf2dd6dbea,evt_1287a473f64deeb9,D.J. Augustin,NBA,17.97,16.89,0,0.06,3.2700,3.3000,5.0400,2.2400
$500 NBA Daily 8/20,2020-08-20T22:14:29.641974,estk_1287a473f64deeb99076cef21a11902c,evt_1287a473f64deeb9,Donte DiVincenzo,NBA,15.85,14.9,0,0.06,2.9400,2.9800,4.6600,2.2400
$500 NBA Daily 8/20,2020-08-20T22:14:29.641978,estk_1287a473f64deeb9b349a48e189ba3d0,evt_1287a473f64deeb9,Pat Connaughton,NBA,15.68,14.74,0,0.06,2.9400,3.0000,4.6100,2.2400
$500 NBA Daily 8/20,2020-08-20T22:14:29.641993,estk_1287a473f64deeb9f16014e0a040fe5b,evt_1287a473f64deeb9,Wesley Matthews,NBA,14.75,13.36,-0.5,0.06,2.7200,2.8700,4.5100,2.2400
$500 NBA Daily 8/20,2020-08-20T22:14:29.642000,estk_1287a473f64deeb934e281c85e12c538,evt_1287a473f64deeb9,Khem Birch,NBA,13.28,12.48,0,0.06,2.6600,2.6600,4.2800,2.2400
$500 NBA Daily 8/20,2020-08-20T22:14:29.642004,estk_1287a473f64deeb955086ea38656fe99,evt_1287a473f64deeb9,Aaron Gordon,NBA,0,0,0,0.06,1.0000,3.4300,2.5200,2.0200
$500 NBA Daily 8/20,2020-08-20T22:15:30.103177,estk_1287a473f64deeb912d0c14aa5dfd232,evt_1287a473f64deeb9,Giannis Antetokounmpo,NBA,54.49,57.18,6.5,0.07,15.6900,7.1600,17.5000,13.8800
$500 NBA Daily 8/20,2020-08-20T22:15:30.103219,estk_1287a473f64deeb9f6c7d554d2fa9f75,evt_1287a473f64deeb9,Nikola Vucevic,NBA,43.84,45.52,4.75,0.07,9.6500,6.9900,11.7700,8.1300
$500 NBA Daily 8/20,2020-08-20T22:15:30.103231,estk_1287a473f64deeb9f2604b3c6ec43ff2,evt_1287a473f64deeb9,Khris Middleton,NBA,32.67,30.88,0.5,0.07,6.2800,6.0100,8.2400,4.6500
$500 NBA Daily 8/20,2020-08-20T22:15:30.103238,estk_1287a473f64deeb9806121a64c461e99,evt_1287a473f64deeb9,Brook Lopez,NBA,24.32,26.62,4,0.07,5.1500,4.4000,6.7500,3.5500
$500 NBA Daily 8/20,2020-08-20T22:15:30.103243,estk_1287a473f64deeb958d79b9f2662f624,evt_1287a473f64deeb9,Evan Fournier,NBA,26.48,26.88,2.25,0.07,4.8900,4.8000,6.7200,3.3000
$500 NBA Daily 8/20,2020-08-20T22:15:30.103255,estk_1287a473f64deeb904749763bd15faac,evt_1287a473f64deeb9,Eric Bledsoe,NBA,25.55,22.76,-1,0.07,4.4900,4.6500,6.4700,3.4800
$500 NBA Daily 8/20,2020-08-20T22:15:30.103259,estk_1287a473f64deeb9f95aa87cc77383be,evt_1287a473f64deeb9,Markelle Fultz,NBA,23.95,22.77,0.5,0.07,4.1700,4.3400,6.1100,2.7100
$500 NBA Daily 8/20,2020-08-20T22:15:30.103263,estk_1287a473f64deeb95684a141296027b3,evt_1287a473f64deeb9,James Ennis,NBA,19.26,22.66,4.75,0.07,3.7600,3.5200,5.2600,2.3300
$500 NBA Daily 8/20,2020-08-20T22:15:30.103267,estk_1287a473f64deeb9663b3162753394ed,evt_1287a473f64deeb9,Terrence Ross,NBA,20.77,19.32,0,0.07,3.6700,3.7600,5.4900,2.2400
$500 NBA Daily 8/20,2020-08-20T22:15:30.103271,estk_1287a473f64deeb9828daf68b6f4025d,evt_1287a473f64deeb9,George Hill,NBA,19.66,18.28,0,0.07,3.5200,3.5600,5.2000,2.3300
$500 NBA Daily 8/20,2020-08-20T22:15:30.103287,estk_1287a473f64deeb97d8f05cf2dd6dbea,evt_1287a473f64deeb9,D.J. Augustin,NBA,17.97,16.71,0,0.07,3.2700,3.3000,5.0400,2.2400
$500 NBA Daily 8/20,2020-08-20T22:15:30.103294,estk_1287a473f64deeb99076cef21a11902c,evt_1287a473f64deeb9,Donte DiVincenzo,NBA,15.85,14.74,0,0.07,2.9400,2.9800,4.6600,1.9100
$500 NBA Daily 8/20,2020-08-20T22:15:30.103298,estk_1287a473f64deeb9b349a48e189ba3d0,evt_1287a473f64deeb9,Pat Connaughton,NBA,15.68,14.58,0,0.07,2.9400,3.0000,4.6100,1.9100
$500 NBA Daily 8/20,2020-08-20T22:15:30.103317,estk_1287a473f64deeb9f16014e0a040fe5b,evt_1287a473f64deeb9,Wesley Matthews,NBA,14.75,13.22,-0.5,0.07,2.7200,2.8700,4.5100,1.4000
$500 NBA Daily 8/20,2020-08-20T22:15:30.103325,estk_1287a473f64deeb934e281c85e12c538,evt_1287a473f64deeb9,Khem Birch,NBA,13.28,12.35,0,0.07,2.6600,2.6600,4.2800,1.7000
$500 NBA Daily 8/20,2020-08-20T22:15:30.103329,estk_1287a473f64deeb955086ea38656fe99,evt_1287a473f64deeb9,Aaron Gordon,NBA,0,0,0,0.07,1.0000,3.4300,2.5200,
$500 NBA Daily 8/20,2020-08-20T22:15:30.637978,estk_1287a473f64deeb912d0c14aa5dfd232,evt_1287a473f64deeb9,Giannis Antetokounmpo,NBA,54.49,57.18,6.5,0.07,15.6900,7.1600,17.5000,13.8800
$500 NBA Daily 8/20,2020-08-20T22:15:30.638021,estk_1287a473f64deeb9f6c7d554d2fa9f75,evt_1287a473f64deeb9,Nikola Vucevic,NBA,43.84,45.52,4.75,0.07,9.6500,6.9900,11.7700,8.1300
$500 NBA Daily 8/20,2020-08-20T22:15:30.638031,estk_1287a473f64deeb9f2604b3c6ec43ff2,evt_1287a473f64deeb9,Khris Middleton,NBA,32.67,30.88,0.5,0.07,6.2800,6.0100,8.2400,4.6500
$500 NBA Daily 8/20,2020-08-20T22:15:30.638038,estk_1287a473f64deeb9806121a64c461e99,evt_1287a473f64deeb9,Brook Lopez,NBA,24.32,26.62,4,0.07,5.1500,4.4000,6.7500,3.5500
$500 NBA Daily 8/20,2020-08-20T22:15:30.638043,estk_1287a473f64deeb958d79b9f2662f624,evt_1287a473f64deeb9,Evan Fournier,NBA,26.48,26.88,2.25,0.07,4.8900,4.8000,6.7200,3.3000
$500 NBA Daily 8/20,2020-08-20T22:15:30.638054,estk_1287a473f64deeb904749763bd15faac,evt_1287a473f64deeb9,Eric Bledsoe,NBA,25.55,22.76,-1,0.07,4.4900,4.6500,6.4700,3.4800
$500 NBA Daily 8/20,2020-08-20T22:15:30.638057,estk_1287a473f64deeb9f95aa87cc77383be,evt_1287a473f64deeb9,Markelle Fultz,NBA,23.95,22.77,0.5,0.07,4.1700,4.3400,6.1100,2.7100
$500 NBA Daily 8/20,2020-08-20T22:15:30.638061,estk_1287a473f64deeb95684a141296027b3,evt_1287a473f64deeb9,James Ennis,NBA,19.26,22.66,4.75,0.07,3.7600,3.5200,5.2600,2.3300
$500 NBA Daily 8/20,2020-08-20T22:15:30.638065,estk_1287a473f64deeb9663b3162753394ed,evt_1287a473f64deeb9,Terrence Ross,NBA,20.77,19.32,0,0.07,3.6700,3.7600,5.4900,2.2400
$500 NBA Daily 8/20,2020-08-20T22:15:30.638069,estk_1287a473f64deeb9828daf68b6f4025d,evt_1287a473f64deeb9,George Hill,NBA,19.66,18.28,0,0.07,3.5200,3.5600,5.2000,2.3300
$500 NBA Daily 8/20,2020-08-20T22:15:30.638083,estk_1287a473f64deeb97d8f05cf2dd6dbea,evt_1287a473f64deeb9,D.J. Augustin,NBA,17.97,16.71,0,0.07,3.2700,3.3000,5.0400,2.2400
$500 NBA Daily 8/20,2020-08-20T22:15:30.638090,estk_1287a473f64deeb99076cef21a11902c,evt_1287a473f64deeb9,Donte DiVincenzo,NBA,15.85,14.74,0,0.07,2.9400,2.9800,4.6600,1.9100
$500 NBA Daily 8/20,2020-08-20T22:15:30.638094,estk_1287a473f64deeb9b349a48e189ba3d0,evt_1287a473f64deeb9,Pat Connaughton,NBA,15.68,14.58,0,0.07,2.9400,3.0000,4.6100,1.9100
$500 NBA Daily 8/20,2020-08-20T22:15:30.638108,estk_1287a473f64deeb9f16014e0a040fe5b,evt_1287a473f64deeb9,Wesley Matthews,NBA,14.75,13.22,-0.5,0.07,2.7200,2.8700,4.5100,1.4000
$500 NBA Daily 8/20,2020-08-20T22:15:30.638115,estk_1287a473f64deeb934e281c85e12c538,evt_1287a473f64deeb9,Khem Birch,NBA,13.28,12.35,0,0.07,2.6600,2.6600,4.2800,1.7000
$500 NBA Daily 8/20,2020-08-20T22:15:30.638119,estk_1287a473f64deeb955086ea38656fe99,evt_1287a473f64deeb9,Aaron Gordon,NBA,0,0,0,0.07,1.0000,3.4300,2.5200,
$500 NBA Daily 8/20,2020-08-20T22:17:00.965894,estk_1287a473f64deeb912d0c14aa5dfd232,evt_1287a473f64deeb9,Giannis Antetokounmpo,NBA,54.49,59.88,9.75,0.08,15.2300,7.1600,17.5000,13.8800
$500 NBA Daily 8/20,2020-08-20T22:17:00.965910,estk_1287a473f64deeb9f6c7d554d2fa9f75,evt_1287a473f64deeb9,Nikola Vucevic,NBA,43.84,45.08,4.75,0.08,10.7200,6.9900,12.4300,9.0100
$500 NBA Daily 8/20,2020-08-20T22:17:00.965922,estk_1287a473f64deeb9f2604b3c6ec43ff2,evt_1287a473f64deeb9,Khris Middleton,NBA,32.67,30.56,0.5,0.08,6.1400,6.0100,7.7600,4.6500
$500 NBA Daily 8/20,2020-08-20T22:17:00.965929,estk_1287a473f64deeb958d79b9f2662f624,evt_1287a473f64deeb9,Evan Fournier,NBA,26.48,26.11,1.75,0.08,5.0600,4.8000,6.7200,3.5100
$500 NBA Daily 8/20,2020-08-20T22:17:00.965934,estk_1287a473f64deeb9806121a64c461e99,evt_1287a473f64deeb9,Brook Lopez,NBA,24.32,29.87,7.5,0.08,5.0300,4.4000,6.6900,3.5500
$500 NBA Daily 8/20,2020-08-20T22:17:00.965945,estk_1287a473f64deeb904749763bd15faac,evt_1287a473f64deeb9,Eric Bledsoe,NBA,25.55,24.01,0.5,0.08,4.2200,4.6500,5.8000,3.2200
$500 NBA Daily 8/20,2020-08-20T22:17:00.965949,estk_1287a473f64deeb9f95aa87cc77383be,evt_1287a473f64deeb9,Markelle Fultz,NBA,23.95,23.03,1,0.08,4.2100,4.3400,6.1100,2.7100
$500 NBA Daily 8/20,2020-08-20T22:17:00.965953,estk_1287a473f64deeb95684a141296027b3,evt_1287a473f64deeb9,James Ennis,NBA,19.26,21.97,4.25,0.08,4.1700,3.5200,5.2600,2.6400
$500 NBA Daily 8/20,2020-08-20T22:17:00.965957,estk_1287a473f64deeb9663b3162753394ed,evt_1287a473f64deeb9,Terrence Ross,NBA,20.77,19.11,0,0.08,3.5800,3.7600,5.4900,2.2400
$500 NBA Daily 8/20,2020-08-20T22:17:00.965969,estk_1287a473f64deeb9828daf68b6f4025d,evt_1287a473f64deeb9,George Hill,NBA,19.66,18.09,0,0.08,3.3700,3.5600,5.2000,2.3300
$500 NBA Daily 8/20,2020-08-20T22:17:00.965980,estk_1287a473f64deeb97d8f05cf2dd6dbea,evt_1287a473f64deeb9,D.J. Augustin,NBA,17.97,16.53,0,0.08,3.1100,3.3000,5.0400,2.2400
$500 NBA Daily 8/20,2020-08-20T22:17:00.965991,estk_1287a473f64deeb99076cef21a11902c,evt_1287a473f64deeb9,Donte DiVincenzo,NBA,15.85,14.58,0,0.08,2.8300,2.9800,4.6600,1.9100
$500 NBA Daily 8/20,2020-08-20T22:17:00.965999,estk_1287a473f64deeb9b349a48e189ba3d0,evt_1287a473f64deeb9,Pat Connaughton,NBA,15.68,14.43,0,0.08,2.8100,3.0000,4.6100,1.9100
$500 NBA Daily 8/20,2020-08-20T22:17:00.966006,estk_1287a473f64deeb9f16014e0a040fe5b,evt_1287a473f64deeb9,Wesley Matthews,NBA,14.75,13.07,-0.5,0.08,2.6500,2.8700,4.5100,1.4000
$500 NBA Daily 8/20,2020-08-20T22:17:00.966010,estk_1287a473f64deeb934e281c85e12c538,evt_1287a473f64deeb9,Khem Birch,NBA,13.28,12.22,0,0.08,2.5400,2.6600,4.2800,1.7000
$500 NBA Daily 8/20,2020-08-20T22:17:00.966014,estk_1287a473f64deeb955086ea38656fe99,evt_1287a473f64deeb9,Aaron Gordon,NBA,0,0,0,0.08,1.0000,3.4300,2.5200,
$500 NBA Daily 8/20,2020-08-20T22:17:01.668007,estk_1287a473f64deeb912d0c14aa5dfd232,evt_1287a473f64deeb9,Giannis Antetokounmpo,NBA,54.49,59.88,9.75,0.08,15.2300,7.1600,17.5000,13.8800
$500 NBA Daily 8/20,2020-08-20T22:17:01.668021,estk_1287a473f64deeb9f6c7d554d2fa9f75,evt_1287a473f64deeb9,Nikola Vucevic,NBA,43.84,45.08,4.75,0.08,10.7200,6.9900,12.4300,9.0100
$500 NBA Daily 8/20,2020-08-20T22:17:01.668032,estk_1287a473f64deeb9f2604b3c6ec43ff2,evt_1287a473f64deeb9,Khris Middleton,NBA,32.67,30.56,0.5,0.08,6.1400,6.0100,7.7600,4.6500
$500 NBA Daily 8/20,2020-08-20T22:17:01.668039,estk_1287a473f64deeb958d79b9f2662f624,evt_1287a473f64deeb9,Evan Fournier,NBA,26.48,26.11,1.75,0.08,5.0600,4.8000,6.7200,3.5100
$500 NBA Daily 8/20,2020-08-20T22:17:01.668043,estk_1287a473f64deeb9806121a64c461e99,evt_1287a473f64deeb9,Brook Lopez,NBA,24.32,29.87,7.5,0.08,5.0300,4.4000,6.6900,3.5500
$500 NBA Daily 8/20,2020-08-20T22:17:01.668056,estk_1287a473f64deeb904749763bd15faac,evt_1287a473f64deeb9,Eric Bledsoe,NBA,25.55,24.01,0.5,0.08,4.2200,4.6500,5.8000,3.2200
$500 NBA Daily 8/20,2020-08-20T22:17:01.668059,estk_1287a473f64deeb9f95aa87cc77383be,evt_1287a473f64deeb9,Markelle Fultz,NBA,23.95,23.03,1,0.08,4.2100,4.3400,6.1100,2.7100
$500 NBA Daily 8/20,2020-08-20T22:17:01.668063,estk_1287a473f64deeb95684a141296027b3,evt_1287a473f64deeb9,James Ennis,NBA,19.26,21.97,4.25,0.08,4.1700,3.5200,5.2600,2.6400
$500 NBA Daily 8/20,2020-08-20T22:17:01.668067,estk_1287a473f64deeb9663b3162753394ed,evt_1287a473f64deeb9,Terrence Ross,NBA,20.77,19.11,0,0.08,3.5800,3.7600,5.4900,2.2400
$500 NBA Daily 8/20,2020-08-20T22:17:01.668077,estk_1287a473f64deeb9828daf68b6f4025d,evt_1287a473f64deeb9,George Hill,NBA,19.66,18.09,0,0.08,3.3700,3.5600,5.2000,2.3300
$500 NBA Daily 8/20,2020-08-20T22:17:01.668088,estk_1287a473f64deeb97d8f05cf2dd6dbea,evt_1287a473f64deeb9,D.J. Augustin,NBA,17.97,16.53,0,0.08,3.1100,3.3000,5.0400,2.2400
$500 NBA Daily 8/20,2020-08-20T22:17:01.668099,estk_1287a473f64deeb99076cef21a11902c,evt_1287a473f64deeb9,Donte DiVincenzo,NBA,15.85,14.58,0,0.08,2.8300,2.9800,4.6600,1.9100
$500 NBA Daily 8/20,2020-08-20T22:17:01.668106,estk_1287a473f64deeb9b349a48e189ba3d0,evt_1287a473f64deeb9,Pat Connaughton,NBA,15.68,14.43,0,0.08,2.8100,3.0000,4.6100,1.9100
$500 NBA Daily 8/20,2020-08-20T22:17:01.668113,estk_1287a473f64deeb9f16014e0a040fe5b,evt_1287a473f64deeb9,Wesley Matthews,NBA,14.75,13.07,-0.5,0.08,2.6500,2.8700,4.5100,1.4000
$500 NBA Daily 8/20,2020-08-20T22:17:01.668117,estk_1287a473f64deeb934e281c85e12c538,evt_1287a473f64deeb9,Khem Birch,NBA,13.28,12.22,0,0.08,2.5400,2.6600,4.2800,1.7000
$500 NBA Daily 8/20,2020-08-20T22:17:01.668121,estk_1287a473f64deeb955086ea38656fe99,evt_1287a473f64deeb9,Aaron Gordon,NBA,0,0,0,0.08,1.0000,3.4300,2.5200,
$500 NBA Daily 8/20,2020-08-20T22:18:31.973979,estk_1287a473f64deeb912d0c14aa5dfd232,evt_1287a473f64deeb9,Giannis Antetokounmpo,NBA,54.49,59.34,9.75,0.09,16.0400,7.1600,17.5000,14.1900
$500 NBA Daily 8/20,2020-08-20T22:18:31.974022,estk_1287a473f64deeb9f6c7d554d2fa9f75,evt_1287a473f64deeb9,Nikola Vucevic,NBA,43.84,46.64,6.75,0.09,10.4300,6.9900,12.2100,9.0100
$500 NBA Daily 8/20,2020-08-20T22:18:31.974033,estk_1287a473f64deeb9f2604b3c6ec43ff2,evt_1287a473f64deeb9,Khris Middleton,NBA,32.67,30.23,0.5,0.09,6.0000,6.0100,7.5400,4.6500
$500 NBA Daily 8/20,2020-08-20T22:18:31.974041,estk_1287a473f64deeb9806121a64c461e99,evt_1287a473f64deeb9,Brook Lopez,NBA,24.32,29.63,7.5,0.09,5.7900,4.4000,7.4100,4.1700
$500 NBA Daily 8/20,2020-08-20T22:18:31.974045,estk_1287a473f64deeb958d79b9f2662f624,evt_1287a473f64deeb9,Evan Fournier,NBA,26.48,25.85,1.75,0.09,4.9400,4.8000,6.7200,3.5100
$500 NBA Daily 8/20,2020-08-20T22:18:31.974057,estk_1287a473f64deeb904749763bd15faac,evt_1287a473f64deeb9,Eric Bledsoe,NBA,25.55,23.25,0,0.09,4.4100,4.6500,5.8000,3.2200
$500 NBA Daily 8/20,2020-08-20T22:18:31.974061,estk_1287a473f64deeb9f95aa87cc77383be,evt_1287a473f64deeb9,Markelle Fultz,NBA,23.95,22.79,1,0.09,4.1900,4.3400,6.1100,2.7100
$500 NBA Daily 8/20,2020-08-20T22:18:31.974065,estk_1287a473f64deeb95684a141296027b3,evt_1287a473f64deeb9,James Ennis,NBA,19.26,21.78,4.25,0.09,4.0000,3.5200,5.2600,2.6400
$500 NBA Daily 8/20,2020-08-20T22:18:31.974073,estk_1287a473f64deeb9663b3162753394ed,evt_1287a473f64deeb9,Terrence Ross,NBA,20.77,18.9,0,0.09,3.4300,3.7600,5.4900,2.2400
$500 NBA Daily 8/20,2020-08-20T22:18:31.974081,estk_1287a473f64deeb9828daf68b6f4025d,evt_1287a473f64deeb9,George Hill,NBA,19.66,17.89,0,0.09,3.3000,3.5600,5.2000,2.3300
$500 NBA Daily 8/20,2020-08-20T22:18:31.974092,estk_1287a473f64deeb97d8f05cf2dd6dbea,evt_1287a473f64deeb9,D.J. Augustin,NBA,17.97,16.35,0,0.09,3.0900,3.3000,5.0400,2.2400
$500 NBA Daily 8/20,2020-08-20T22:18:31.974103,estk_1287a473f64deeb99076cef21a11902c,evt_1287a473f64deeb9,Donte DiVincenzo,NBA,15.85,14.42,0,0.09,2.8100,2.9800,4.6600,1.9100
$500 NBA Daily 8/20,2020-08-20T22:18:31.974110,estk_1287a473f64deeb9b349a48e189ba3d0,evt_1287a473f64deeb9,Pat Connaughton,NBA,15.68,14.27,0,0.09,2.7600,3.0000,4.6100,1.9100
$500 NBA Daily 8/20,2020-08-20T22:18:31.974118,estk_1287a473f64deeb9f16014e0a040fe5b,evt_1287a473f64deeb9,Wesley Matthews,NBA,14.75,12.92,-0.5,0.09,2.5800,2.8700,4.5100,1.4000
$500 NBA Daily 8/20,2020-08-20T22:18:31.974122,estk_1287a473f64deeb934e281c85e12c538,evt_1287a473f64deeb9,Khem Birch,NBA,13.28,12.08,0,0.09,2.5100,2.6600,4.2800,1.1600
$500 NBA Daily 8/20,2020-08-20T22:18:31.974126,estk_1287a473f64deeb955086ea38656fe99,evt_1287a473f64deeb9,Aaron Gordon,NBA,0,0,0,0.09,1.0000,3.4300,2.5200,
$500 NBA Daily 8/20,2020-08-20T22:18:32.556048,estk_1287a473f64deeb912d0c14aa5dfd232,evt_1287a473f64deeb9,Giannis Antetokounmpo,NBA,54.49,59.34,9.75,0.09,16.0400,7.1600,17.5000,14.1900
$500 NBA Daily 8/20,2020-08-20T22:18:32.556089,estk_1287a473f64deeb9f6c7d554d2fa9f75,evt_1287a473f64deeb9,Nikola Vucevic,NBA,43.84,46.64,6.75,0.09,10.4300,6.9900,12.2100,9.0100
$500 NBA Daily 8/20,2020-08-20T22:18:32.556099,estk_1287a473f64deeb9f2604b3c6ec43ff2,evt_1287a473f64deeb9,Khris Middleton,NBA,32.67,30.23,0.5,0.09,6.0000,6.0100,7.5400,4.6500
$500 NBA Daily 8/20,2020-08-20T22:18:32.556106,estk_1287a473f64deeb9806121a64c461e99,evt_1287a473f64deeb9,Brook Lopez,NBA,24.32,29.63,7.5,0.09,5.7900,4.4000,7.4100,4.1700
$500 NBA Daily 8/20,2020-08-20T22:18:32.556111,estk_1287a473f64deeb958d79b9f2662f624,evt_1287a473f64deeb9,Evan Fournier,NBA,26.48,25.85,1.75,0.09,4.9400,4.8000,6.7200,3.5100
$500 NBA Daily 8/20,2020-08-20T22:18:32.556122,estk_1287a473f64deeb904749763bd15faac,evt_1287a473f64deeb9,Eric Bledsoe,NBA,25.55,23.25,0,0.09,4.4100,4.6500,5.8000,3.2200
$500 NBA Daily 8/20,2020-08-20T22:18:32.556126,estk_1287a473f64deeb9f95aa87cc77383be,evt_1287a473f64deeb9,Markelle Fultz,NBA,23.95,22.79,1,0.09,4.1900,4.3400,6.1100,2.7100
$500 NBA Daily 8/20,2020-08-20T22:18:32.556129,estk_1287a473f64deeb95684a141296027b3,evt_1287a473f64deeb9,James Ennis,NBA,19.26,21.78,4.25,0.09,4.0000,3.5200,5.2600,2.6400
$500 NBA Daily 8/20,2020-08-20T22:18:32.556137,estk_1287a473f64deeb9663b3162753394ed,evt_1287a473f64deeb9,Terrence Ross,NBA,20.77,18.9,0,0.09,3.4300,3.7600,5.4900,2.2400
$500 NBA Daily 8/20,2020-08-20T22:18:32.556145,estk_1287a473f64deeb9828daf68b6f4025d,evt_1287a473f64deeb9,George Hill,NBA,19.66,17.89,0,0.09,3.3000,3.5600,5.2000,2.3300
$500 NBA Daily 8/20,2020-08-20T22:18:32.556155,estk_1287a473f64deeb97d8f05cf2dd6dbea,evt_1287a473f64deeb9,D.J. Augustin,NBA,17.97,16.35,0,0.09,3.0900,3.3000,5.0400,2.2400
$500 NBA Daily 8/20,2020-08-20T22:18:32.556166,estk_1287a473f64deeb99076cef21a11902c,evt_1287a473f64deeb9,Donte DiVincenzo,NBA,15.85,14.42,0,0.09,2.8100,2.9800,4.6600,1.9100
$500 NBA Daily 8/20,2020-08-20T22:18:32.556173,estk_1287a473f64deeb9b349a48e189ba3d0,evt_1287a473f64deeb9,Pat Connaughton,NBA,15.68,14.27,0,0.09,2.7600,3.0000,4.6100,1.9100
$500 NBA Daily 8/20,2020-08-20T22:18:32.556181,estk_1287a473f64deeb9f16014e0a040fe5b,evt_1287a473f64deeb9,Wesley Matthews,NBA,14.75,12.92,-0.5,0.09,2.5800,2.8700,4.5100,1.4000
$500 NBA Daily 8/20,2020-08-20T22:18:32.556185,estk_1287a473f64deeb934e281c85e12c538,evt_1287a473f64deeb9,Khem Birch,NBA,13.28,12.08,0,0.09,2.5100,2.6600,4.2800,1.1600
$500 NBA Daily 8/20,2020-08-20T22:18:32.556189,estk_1287a473f64deeb955086ea38656fe99,evt_1287a473f64deeb9,Aaron Gordon,NBA,0,0,0,0.09,1.0000,3.4300,2.5200,
$500 NBA Daily 8/20,2020-08-20T22:19:32.723871,estk_1287a473f64deeb912d0c14aa5dfd232,evt_1287a473f64deeb9,Giannis Antetokounmpo,NBA,54.49,63.04,14,0.1,15.7700,7.1600,17.5000,14.2200
$500 NBA Daily 8/20,2020-08-20T22:19:32.723914,estk_1287a473f64deeb9f6c7d554d2fa9f75,evt_1287a473f64deeb9,Nikola Vucevic,NBA,43.84,45.71,6.25,0.1,11.0000,6.9900,12.2100,9.0100
$500 NBA Daily 8/20,2020-08-20T22:19:32.723930,estk_1287a473f64deeb9f2604b3c6ec43ff2,evt_1287a473f64deeb9,Khris Middleton,NBA,32.67,29.9,0.5,0.1,5.7700,6.0100,7.5400,4.6500
$500 NBA Daily 8/20,2020-08-20T22:19:32.723933,estk_1287a473f64deeb9806121a64c461e99,evt_1287a473f64deeb9,Brook Lopez,NBA,24.32,29.39,7.5,0.1,5.7300,4.4000,7.4100,4.1700
$500 NBA Daily 8/20,2020-08-20T22:19:32.723946,estk_1287a473f64deeb958d79b9f2662f624,evt_1287a473f64deeb9,Evan Fournier,NBA,26.48,25.58,1.75,0.1,4.7700,4.8000,6.7200,3.5100
$500 NBA Daily 8/20,2020-08-20T22:19:32.723950,estk_1287a473f64deeb904749763bd15faac,evt_1287a473f64deeb9,Eric Bledsoe,NBA,25.55,24.5,1.5,0.1,4.2500,4.6500,5.8000,3.2200
$500 NBA Daily 8/20,2020-08-20T22:19:32.723954,estk_1287a473f64deeb9f95aa87cc77383be,evt_1287a473f64deeb9,Markelle Fultz,NBA,23.95,22.55,1,0.1,4.1600,4.3400,6.1100,2.7100
$500 NBA Daily 8/20,2020-08-20T22:19:32.723957,estk_1287a473f64deeb95684a141296027b3,evt_1287a473f64deeb9,James Ennis,NBA,19.26,24.08,6.75,0.1,3.9200,3.5200,5.2600,2.6400
$500 NBA Daily 8/20,2020-08-20T22:19:32.723965,estk_1287a473f64deeb9663b3162753394ed,evt_1287a473f64deeb9,Terrence Ross,NBA,20.77,18.69,0,0.1,3.4600,3.7600,5.4900,2.2400
$500 NBA Daily 8/20,2020-08-20T22:19:32.723977,estk_1287a473f64deeb9828daf68b6f4025d,evt_1287a473f64deeb9,George Hill,NBA,19.66,17.69,0,0.1,3.2500,3.5600,5.2000,2.3300
$500 NBA Daily 8/20,2020-08-20T22:19:32.723984,estk_1287a473f64deeb97d8f05cf2dd6dbea,evt_1287a473f64deeb9,D.J. Augustin,NBA,17.97,16.17,0,0.1,3.0100,3.3000,5.0400,2.2400
$500 NBA Daily 8/20,2020-08-20T22:19:32.723999,estk_1287a473f64deeb99076cef21a11902c,evt_1287a473f64deeb9,Donte DiVincenzo,NBA,15.85,14.27,0,0.1,2.7800,2.9800,4.6600,1.9100
$500 NBA Daily 8/20,2020-08-20T22:19:32.724006,estk_1287a473f64deeb9b349a48e189ba3d0,evt_1287a473f64deeb9,Pat Connaughton,NBA,15.68,14.11,0,0.1,2.7400,3.0000,4.6100,1.9100
$500 NBA Daily 8/20,2020-08-20T22:19:32.724010,estk_1287a473f64deeb9f16014e0a040fe5b,evt_1287a473f64deeb9,Wesley Matthews,NBA,14.75,12.78,-0.5,0.1,2.5500,2.8700,4.5100,1.4000
$500 NBA Daily 8/20,2020-08-20T22:19:32.724014,estk_1287a473f64deeb934e281c85e12c538,evt_1287a473f64deeb9,Khem Birch,NBA,13.28,11.95,0,0.1,2.4700,2.6600,4.2800,1.1600
$500 NBA Daily 8/20,2020-08-20T22:19:32.724018,estk_1287a473f64deeb955086ea38656fe99,evt_1287a473f64deeb9,Aaron Gordon,NBA,0,0,0,0.1,1.0000,3.4300,2.5200,
$500 NBA Daily 8/20,2020-08-20T22:19:33.150465,estk_1287a473f64deeb912d0c14aa5dfd232,evt_1287a473f64deeb9,Giannis Antetokounmpo,NBA,54.49,63.04,14,0.1,15.7700,7.1600,17.5000,14.2200
$500 NBA Daily 8/20,2020-08-20T22:19:33.150506,estk_1287a473f64deeb9f6c7d554d2fa9f75,evt_1287a473f64deeb9,Nikola Vucevic,NBA,43.84,45.71,6.25,0.1,11.0000,6.9900,12.2100,9.0100
$500 NBA Daily 8/20,2020-08-20T22:19:33.150524,estk_1287a473f64deeb9f2604b3c6ec43ff2,evt_1287a473f64deeb9,Khris Middleton,NBA,32.67,29.9,0.5,0.1,5.7700,6.0100,7.5400,4.6500
$500 NBA Daily 8/20,2020-08-20T22:19:33.150528,estk_1287a473f64deeb9806121a64c461e99,evt_1287a473f64deeb9,Brook Lopez,NBA,24.32,29.39,7.5,0.1,5.7300,4.4000,7.4100,4.1700
$500 NBA Daily 8/20,2020-08-20T22:19:33.150541,estk_1287a473f64deeb958d79b9f2662f624,evt_1287a473f64deeb9,Evan Fournier,NBA,26.48,25.58,1.75,0.1,4.7700,4.8000,6.7200,3.5100
$500 NBA Daily 8/20,2020-08-20T22:19:33.150544,estk_1287a473f64deeb904749763bd15faac,evt_1287a473f64deeb9,Eric Bledsoe,NBA,25.55,24.5,1.5,0.1,4.2500,4.6500,5.8000,3.2200
$500 NBA Daily 8/20,2020-08-20T22:19:33.150548,estk_1287a473f64deeb9f95aa87cc77383be,evt_1287a473f64deeb9,Markelle Fultz,NBA,23.95,22.55,1,0.1,4.1600,4.3400,6.1100,2.7100
$500 NBA Daily 8/20,2020-08-20T22:19:33.150552,estk_1287a473f64deeb95684a141296027b3,evt_1287a473f64deeb9,James Ennis,NBA,19.26,24.08,6.75,0.1,3.9200,3.5200,5.2600,2.6400
$500 NBA Daily 8/20,2020-08-20T22:19:33.150560,estk_1287a473f64deeb9663b3162753394ed,evt_1287a473f64deeb9,Terrence Ross,NBA,20.77,18.69,0,0.1,3.4600,3.7600,5.4900,2.2400
$500 NBA Daily 8/20,2020-08-20T22:19:33.150570,estk_1287a473f64deeb9828daf68b6f4025d,evt_1287a473f64deeb9,George Hill,NBA,19.66,17.69,0,0.1,3.2500,3.5600,5.2000,2.3300
$500 NBA Daily 8/20,2020-08-20T22:19:33.150578,estk_1287a473f64deeb97d8f05cf2dd6dbea,evt_1287a473f64deeb9,D.J. Augustin,NBA,17.97,16.17,0,0.1,3.0100,3.3000,5.0400,2.2400
$500 NBA Daily 8/20,2020-08-20T22:19:33.150591,estk_1287a473f64deeb99076cef21a11902c,evt_1287a473f64deeb9,Donte DiVincenzo,NBA,15.85,14.27,0,0.1,2.7800,2.9800,4.6600,1.9100
$500 NBA Daily 8/20,2020-08-20T22:19:33.150599,estk_1287a473f64deeb9b349a48e189ba3d0,evt_1287a473f64deeb9,Pat Connaughton,NBA,15.68,14.11,0,0.1,2.7400,3.0000,4.6100,1.9100
$500 NBA Daily 8/20,2020-08-20T22:19:33.150603,estk_1287a473f64deeb9f16014e0a040fe5b,evt_1287a473f64deeb9,Wesley Matthews,NBA,14.75,12.78,-0.5,0.1,2.5500,2.8700,4.5100,1.4000
$500 NBA Daily 8/20,2020-08-20T22:19:33.150606,estk_1287a473f64deeb934e281c85e12c538,evt_1287a473f64deeb9,Khem Birch,NBA,13.28,11.95,0,0.1,2.4700,2.6600,4.2800,1.1600
$500 NBA Daily 8/20,2020-08-20T22:19:33.150610,estk_1287a473f64deeb955086ea38656fe99,evt_1287a473f64deeb9,Aaron Gordon,NBA,0,0,0,0.1,1.0000,3.4300,2.5200,
$500 NBA Daily 8/20,2020-08-20T22:24:36.443738,estk_1287a473f64deeb912d0c14aa5dfd232,evt_1287a473f64deeb9,Giannis Antetokounmpo,NBA,54.49,62,13.5,0.11,17.1600,7.1600,18.9600,15.2800
$500 NBA Daily 8/20,2020-08-20T22:24:36.443781,estk_1287a473f64deeb9f6c7d554d2fa9f75,evt_1287a473f64deeb9,Nikola Vucevic,NBA,43.84,46.52,7.5,0.11,10.5700,6.9900,12.2100,9.2800
$500 NBA Daily 8/20,2020-08-20T22:24:36.443796,estk_1287a473f64deeb9f2604b3c6ec43ff2,evt_1287a473f64deeb9,Khris Middleton,NBA,32.67,30.33,1.25,0.11,5.7200,6.0100,7.5400,4.6500
$500 NBA Daily 8/20,2020-08-20T22:24:36.443799,estk_1287a473f64deeb9806121a64c461e99,evt_1287a473f64deeb9,Brook Lopez,NBA,24.32,29.14,7.5,0.11,5.5800,4.4000,7.4100,4.1700
$500 NBA Daily 8/20,2020-08-20T22:24:36.443812,estk_1287a473f64deeb958d79b9f2662f624,evt_1287a473f64deeb9,Evan Fournier,NBA,26.48,26.57,3,0.11,4.6700,4.8000,6.7200,3.5100
$500 NBA Daily 8/20,2020-08-20T22:24:36.443816,estk_1287a473f64deeb95684a141296027b3,evt_1287a473f64deeb9,James Ennis,NBA,19.26,25.89,8.75,0.11,4.5600,3.5200,5.7500,2.8000
$500 NBA Daily 8/20,2020-08-20T22:24:36.443820,estk_1287a473f64deeb904749763bd15faac,evt_1287a473f64deeb9,Eric Bledsoe,NBA,25.55,26.24,3.5,0.11,4.4500,4.6500,5.8000,3.2200
$500 NBA Daily 8/20,2020-08-20T22:24:36.443824,estk_1287a473f64deeb9f95aa87cc77383be,evt_1287a473f64deeb9,Markelle Fultz,NBA,23.95,21.82,0.5,0.11,4.0800,4.3400,6.1100,2.7100
$500 NBA Daily 8/20,2020-08-20T22:24:36.443832,estk_1287a473f64deeb9663b3162753394ed,evt_1287a473f64deeb9,Terrence Ross,NBA,20.77,18.49,0,0.11,3.4000,3.7600,4.9000,2.2400
$500 NBA Daily 8/20,2020-08-20T22:24:36.443844,estk_1287a473f64deeb9828daf68b6f4025d,evt_1287a473f64deeb9,George Hill,NBA,19.66,17.5,0,0.11,3.1600,3.5600,5.2000,2.3300
$500 NBA Daily 8/20,2020-08-20T22:24:36.443851,estk_1287a473f64deeb97d8f05cf2dd6dbea,evt_1287a473f64deeb9,D.J. Augustin,NBA,17.97,15.99,0,0.11,3.0200,3.3000,4.5100,1.9100
$500 NBA Daily 8/20,2020-08-20T22:24:36.443870,estk_1287a473f64deeb99076cef21a11902c,evt_1287a473f64deeb9,Donte DiVincenzo,NBA,15.85,14.11,0,0.11,2.7300,2.9800,4.6600,1.5700
$500 NBA Daily 8/20,2020-08-20T22:24:36.443873,estk_1287a473f64deeb9b349a48e189ba3d0,evt_1287a473f64deeb9,Pat Connaughton,NBA,15.68,13.96,0,0.11,2.6800,3.0000,4.6100,1.5000
$500 NBA Daily 8/20,2020-08-20T22:24:36.443877,estk_1287a473f64deeb9f16014e0a040fe5b,evt_1287a473f64deeb9,Wesley Matthews,NBA,14.75,12.63,-0.5,0.11,2.5100,2.8700,4.5100,1.4000
$500 NBA Daily 8/20,2020-08-20T22:24:36.443881,estk_1287a473f64deeb934e281c85e12c538,evt_1287a473f64deeb9,Khem Birch,NBA,13.28,11.82,0,0.11,2.4300,2.6600,4.2800,1.1600
$500 NBA Daily 8/20,2020-08-20T22:24:36.443885,estk_1287a473f64deeb955086ea38656fe99,evt_1287a473f64deeb9,Aaron Gordon,NBA,0,0,0,0.11,1.0000,3.4300,2.5200,
$500 NBA Daily 8/20,2020-08-20T22:24:36.487779,estk_1287a473f64deeb912d0c14aa5dfd232,evt_1287a473f64deeb9,Giannis Antetokounmpo,NBA,54.49,62,13.5,0.11,17.1600,7.1600,18.9600,15.2800
$500 NBA Daily 8/20,2020-08-20T22:24:36.487819,estk_1287a473f64deeb9f6c7d554d2fa9f75,evt_1287a473f64deeb9,Nikola Vucevic,NBA,43.84,46.52,7.5,0.11,10.5700,6.9900,12.2100,9.2800
$500 NBA Daily 8/20,2020-08-20T22:24:36.487833,estk_1287a473f64deeb9f2604b3c6ec43ff2,evt_1287a473f64deeb9,Khris Middleton,NBA,32.67,30.33,1.25,0.11,5.7200,6.0100,7.5400,4.6500
$500 NBA Daily 8/20,2020-08-20T22:24:36.487837,estk_1287a473f64deeb9806121a64c461e99,evt_1287a473f64deeb9,Brook Lopez,NBA,24.32,29.14,7.5,0.11,5.5800,4.4000,7.4100,4.1700
$500 NBA Daily 8/20,2020-08-20T22:24:36.487848,estk_1287a473f64deeb958d79b9f2662f624,evt_1287a473f64deeb9,Evan Fournier,NBA,26.48,26.57,3,0.11,4.6700,4.8000,6.7200,3.5100
$500 NBA Daily 8/20,2020-08-20T22:24:36.487852,estk_1287a473f64deeb95684a141296027b3,evt_1287a473f64deeb9,James Ennis,NBA,19.26,25.89,8.75,0.11,4.5600,3.5200,5.7500,2.8000
$500 NBA Daily 8/20,2020-08-20T22:24:36.487855,estk_1287a473f64deeb904749763bd15faac,evt_1287a473f64deeb9,Eric Bledsoe,NBA,25.55,26.24,3.5,0.11,4.4500,4.6500,5.8000,3.2200
$500 NBA Daily 8/20,2020-08-20T22:24:36.487859,estk_1287a473f64deeb9f95aa87cc77383be,evt_1287a473f64deeb9,Markelle Fultz,NBA,23.95,21.82,0.5,0.11,4.0800,4.3400,6.1100,2.7100
$500 NBA Daily 8/20,2020-08-20T22:24:36.487867,estk_1287a473f64deeb9663b3162753394ed,evt_1287a473f64deeb9,Terrence Ross,NBA,20.77,18.49,0,0.11,3.4000,3.7600,4.9000,2.2400
$500 NBA Daily 8/20,2020-08-20T22:24:36.487877,estk_1287a473f64deeb9828daf68b6f4025d,evt_1287a473f64deeb9,George Hill,NBA,19.66,17.5,0,0.11,3.1600,3.5600,5.2000,2.3300
$500 NBA Daily 8/20,2020-08-20T22:24:36.487885,estk_1287a473f64deeb97d8f05cf2dd6dbea,evt_1287a473f64deeb9,D.J. Augustin,NBA,17.97,15.99,0,0.11,3.0200,3.3000,4.5100,1.9100
$500 NBA Daily 8/20,2020-08-20T22:24:36.487903,estk_1287a473f64deeb99076cef21a11902c,evt_1287a473f64deeb9,Donte DiVincenzo,NBA,15.85,14.11,0,0.11,2.7300,2.9800,4.6600,1.5700
$500 NBA Daily 8/20,2020-08-20T22:24:36.487906,estk_1287a473f64deeb9b349a48e189ba3d0,evt_1287a473f64deeb9,Pat Connaughton,NBA,15.68,13.96,0,0.11,2.6800,3.0000,4.6100,1.5000
$500 NBA Daily 8/20,2020-08-20T22:24:36.487910,estk_1287a473f64deeb9f16014e0a040fe5b,evt_1287a473f64deeb9,Wesley Matthews,NBA,14.75,12.63,-0.5,0.11,2.5100,2.8700,4.5100,1.4000
$500 NBA Daily 8/20,2020-08-20T22:24:36.487913,estk_1287a473f64deeb934e281c85e12c538,evt_1287a473f64deeb9,Khem Birch,NBA,13.28,11.82,0,0.11,2.4300,2.6600,4.2800,1.1600
$500 NBA Daily 8/20,2020-08-20T22:24:36.487918,estk_1287a473f64deeb955086ea38656fe99,evt_1287a473f64deeb9,Aaron Gordon,NBA,0,0,0,0.11,1.0000,3.4300,2.5200,
$500 NBA Daily 8/20,2020-08-20T22:25:37.112208,estk_1287a473f64deeb912d0c14aa5dfd232,evt_1287a473f64deeb9,Giannis Antetokounmpo,NBA,54.49,61.66,14.25,0.13,17.1600,7.1600,18.9600,15.2800
$500 NBA Daily 8/20,2020-08-20T22:25:37.112248,estk_1287a473f64deeb9f6c7d554d2fa9f75,evt_1287a473f64deeb9,Nikola Vucevic,NBA,43.84,44.64,6.5,0.13,10.5700,6.9900,12.2100,9.2800
$500 NBA Daily 8/20,2020-08-20T22:25:37.112263,estk_1287a473f64deeb9f2604b3c6ec43ff2,evt_1287a473f64deeb9,Khris Middleton,NBA,32.67,30.92,2.5,0.13,5.7200,6.0100,7.5400,4.6500
$500 NBA Daily 8/20,2020-08-20T22:25:37.112266,estk_1287a473f64deeb9806121a64c461e99,evt_1287a473f64deeb9,Brook Lopez,NBA,24.32,28.16,7,0.13,5.5800,4.4000,7.4100,4.1700
$500 NBA Daily 8/20,2020-08-20T22:25:37.112278,estk_1287a473f64deeb958d79b9f2662f624,evt_1287a473f64deeb9,Evan Fournier,NBA,26.48,27.29,4.25,0.13,4.6700,4.8000,6.7200,3.5100
$500 NBA Daily 8/20,2020-08-20T22:25:37.112282,estk_1287a473f64deeb95684a141296027b3,evt_1287a473f64deeb9,James Ennis,NBA,19.26,25.51,8.75,0.13,4.5600,3.5200,5.7500,2.8000
$500 NBA Daily 8/20,2020-08-20T22:25:37.112285,estk_1287a473f64deeb904749763bd15faac,evt_1287a473f64deeb9,Eric Bledsoe,NBA,25.55,29.73,7.5,0.13,4.4500,4.6500,5.8000,3.2200
$500 NBA Daily 8/20,2020-08-20T22:25:37.112289,estk_1287a473f64deeb9f95aa87cc77383be,evt_1287a473f64deeb9,Markelle Fultz,NBA,23.95,21.34,0.5,0.13,4.0800,4.3400,6.1100,2.7100
$500 NBA Daily 8/20,2020-08-20T22:25:37.112296,estk_1287a473f64deeb9663b3162753394ed,evt_1287a473f64deeb9,Terrence Ross,NBA,20.77,18.07,0,0.13,3.4000,3.7600,4.9000,2.2400
$500 NBA Daily 8/20,2020-08-20T22:25:37.112307,estk_1287a473f64deeb9828daf68b6f4025d,evt_1287a473f64deeb9,George Hill,NBA,19.66,17.1,0,0.13,3.1600,3.5600,5.2000,2.3300
$500 NBA Daily 8/20,2020-08-20T22:25:37.112314,estk_1287a473f64deeb97d8f05cf2dd6dbea,evt_1287a473f64deeb9,D.J. Augustin,NBA,17.97,15.63,0,0.13,3.0200,3.3000,4.5100,1.9100
$500 NBA Daily 8/20,2020-08-20T22:25:37.112332,estk_1287a473f64deeb99076cef21a11902c,evt_1287a473f64deeb9,Donte DiVincenzo,NBA,15.85,13.79,0,0.13,2.7300,2.9800,4.6600,1.5700
$500 NBA Daily 8/20,2020-08-20T22:25:37.112335,estk_1287a473f64deeb9b349a48e189ba3d0,evt_1287a473f64deeb9,Pat Connaughton,NBA,15.68,13.64,0,0.13,2.6800,3.0000,4.6100,1.5000
$500 NBA Daily 8/20,2020-08-20T22:25:37.112339,estk_1287a473f64deeb9f16014e0a040fe5b,evt_1287a473f64deeb9,Wesley Matthews,NBA,14.75,13.83,1,0.13,2.5100,2.8700,4.5100,1.4000
$500 NBA Daily 8/20,2020-08-20T22:25:37.112342,estk_1287a473f64deeb934e281c85e12c538,evt_1287a473f64deeb9,Khem Birch,NBA,13.28,11.55,0,0.13,2.4300,2.6600,4.2800,1.1600
$500 NBA Daily 8/20,2020-08-20T22:25:37.112346,estk_1287a473f64deeb955086ea38656fe99,evt_1287a473f64deeb9,Aaron Gordon,NBA,0,0,0,0.13,1.0000,3.4300,2.5200,
$500 NBA Daily 8/20,2020-08-20T22:25:37.185107,estk_1287a473f64deeb912d0c14aa5dfd232,evt_1287a473f64deeb9,Giannis Antetokounmpo,NBA,54.49,61.66,14.25,0.13,17.1600,7.1600,18.9600,15.2800
$500 NBA Daily 8/20,2020-08-20T22:25:37.185147,estk_1287a473f64deeb9f6c7d554d2fa9f75,evt_1287a473f64deeb9,Nikola Vucevic,NBA,43.84,44.64,6.5,0.13,10.5700,6.9900,12.2100,9.2800
$500 NBA Daily 8/20,2020-08-20T22:25:37.185162,estk_1287a473f64deeb9f2604b3c6ec43ff2,evt_1287a473f64deeb9,Khris Middleton,NBA,32.67,30.92,2.5,0.13,5.7200,6.0100,7.5400,4.6500
$500 NBA Daily 8/20,2020-08-20T22:25:37.185166,estk_1287a473f64deeb9806121a64c461e99,evt_1287a473f64deeb9,Brook Lopez,NBA,24.32,28.16,7,0.13,5.5800,4.4000,7.4100,4.1700
$500 NBA Daily 8/20,2020-08-20T22:25:37.185178,estk_1287a473f64deeb958d79b9f2662f624,evt_1287a473f64deeb9,Evan Fournier,NBA,26.48,27.29,4.25,0.13,4.6700,4.8000,6.7200,3.5100
$500 NBA Daily 8/20,2020-08-20T22:25:37.185182,estk_1287a473f64deeb95684a141296027b3,evt_1287a473f64deeb9,James Ennis,NBA,19.26,25.51,8.75,0.13,4.5600,3.5200,5.7500,2.8000
$500 NBA Daily 8/20,2020-08-20T22:25:37.185186,estk_1287a473f64deeb904749763bd15faac,evt_1287a473f64deeb9,Eric Bledsoe,NBA,25.55,29.73,7.5,0.13,4.4500,4.6500,5.8000,3.2200
$500 NBA Daily 8/20,2020-08-20T22:25:37.185190,estk_1287a473f64deeb9f95aa87cc77383be,evt_1287a473f64deeb9,Markelle Fultz,NBA,23.95,21.34,0.5,0.13,4.0800,4.3400,6.1100,2.7100
$500 NBA Daily 8/20,2020-08-20T22:25:37.185198,estk_1287a473f64deeb9663b3162753394ed,evt_1287a473f64deeb9,Terrence Ross,NBA,20.77,18.07,0,0.13,3.4000,3.7600,4.9000,2.2400
$500 NBA Daily 8/20,2020-08-20T22:25:37.185209,estk_1287a473f64deeb9828daf68b6f4025d,evt_1287a473f64deeb9,George Hill,NBA,19.66,17.1,0,0.13,3.1600,3.5600,5.2000,2.3300
$500 NBA Daily 8/20,2020-08-20T22:25:37.185216,estk_1287a473f64deeb97d8f05cf2dd6dbea,evt_1287a473f64deeb9,D.J. Augustin,NBA,17.97,15.63,0,0.13,3.0200,3.3000,4.5100,1.9100
$500 NBA Daily 8/20,2020-08-20T22:25:37.185235,estk_1287a473f64deeb99076cef21a11902c,evt_1287a473f64deeb9,Donte DiVincenzo,NBA,15.85,13.79,0,0.13,2.7300,2.9800,4.6600,1.5700
$500 NBA Daily 8/20,2020-08-20T22:25:37.185238,estk_1287a473f64deeb9b349a48e189ba3d0,evt_1287a473f64deeb9,Pat Connaughton,NBA,15.68,13.64,0,0.13,2.6800,3.0000,4.6100,1.5000
$500 NBA Daily 8/20,2020-08-20T22:25:37.185242,estk_1287a473f64deeb9f16014e0a040fe5b,evt_1287a473f64deeb9,Wesley Matthews,NBA,14.75,13.83,1,0.13,2.5100,2.8700,4.5100,1.4000
$500 NBA Daily 8/20,2020-08-20T22:25:37.185246,estk_1287a473f64deeb934e281c85e12c538,evt_1287a473f64deeb9,Khem Birch,NBA,13.28,11.55,0,0.13,2.4300,2.6600,4.2800,1.1600
$500 NBA Daily 8/20,2020-08-20T22:25:37.185250,estk_1287a473f64deeb955086ea38656fe99,evt_1287a473f64deeb9,Aaron Gordon,NBA,0,0,0,0.13,1.0000,3.4300,2.5200,
$500 NBA Daily 8/20,2020-08-20T22:26:37.799176,estk_1287a473f64deeb912d0c14aa5dfd232,evt_1287a473f64deeb9,Giannis Antetokounmpo,NBA,54.49,61.11,14.25,0.14,17.1600,7.1600,18.9600,15.2800
$500 NBA Daily 8/20,2020-08-20T22:26:37.799216,estk_1287a473f64deeb9f6c7d554d2fa9f75,evt_1287a473f64deeb9,Nikola Vucevic,NBA,43.84,46.2,8.5,0.14,10.5700,6.9900,12.2100,9.2800
$500 NBA Daily 8/20,2020-08-20T22:26:37.799231,estk_1287a473f64deeb9f2604b3c6ec43ff2,evt_1287a473f64deeb9,Khris Middleton,NBA,32.67,33.85,5.75,0.14,5.7200,6.0100,7.5400,4.6500
$500 NBA Daily 8/20,2020-08-20T22:26:37.799234,estk_1287a473f64deeb9806121a64c461e99,evt_1287a473f64deeb9,Brook Lopez,NBA,24.32,27.92,7,0.14,5.5800,4.4000,7.4100,4.1700
$500 NBA Daily 8/20,2020-08-20T22:26:37.799247,estk_1287a473f64deeb958d79b9f2662f624,evt_1287a473f64deeb9,Evan Fournier,NBA,26.48,27.02,4.25,0.14,4.6700,4.8000,6.7200,3.5100
$500 NBA Daily 8/20,2020-08-20T22:26:37.799251,estk_1287a473f64deeb95684a141296027b3,evt_1287a473f64deeb9,James Ennis,NBA,19.26,25.31,8.75,0.14,4.5600,3.5200,5.7500,2.8000
$500 NBA Daily 8/20,2020-08-20T22:26:37.799254,estk_1287a473f64deeb904749763bd15faac,evt_1287a473f64deeb9,Eric Bledsoe,NBA,25.55,30.47,8.5,0.14,4.4500,4.6500,5.8000,3.2200
$500 NBA Daily 8/20,2020-08-20T22:26:37.799258,estk_1287a473f64deeb9f95aa87cc77383be,evt_1287a473f64deeb9,Markelle Fultz,NBA,23.95,22.1,1.5,0.14,4.0800,4.3400,6.1100,2.7100
$500 NBA Daily 8/20,2020-08-20T22:26:37.799266,estk_1287a473f64deeb9663b3162753394ed,evt_1287a473f64deeb9,Terrence Ross,NBA,20.77,17.86,0,0.14,3.4000,3.7600,4.9000,2.2400
$500 NBA Daily 8/20,2020-08-20T22:26:37.799277,estk_1287a473f64deeb9828daf68b6f4025d,evt_1287a473f64deeb9,George Hill,NBA,19.66,16.91,0,0.14,3.1600,3.5600,5.2000,2.3300
$500 NBA Daily 8/20,2020-08-20T22:26:37.799284,estk_1287a473f64deeb97d8f05cf2dd6dbea,evt_1287a473f64deeb9,D.J. Augustin,NBA,17.97,15.45,0,0.14,3.0200,3.3000,4.5100,1.9100
$500 NBA Daily 8/20,2020-08-20T22:26:37.799302,estk_1287a473f64deeb99076cef21a11902c,evt_1287a473f64deeb9,Donte DiVincenzo,NBA,15.85,13.63,0,0.14,2.7300,2.9800,4.6600,1.5700
$500 NBA Daily 8/20,2020-08-20T22:26:37.799305,estk_1287a473f64deeb9b349a48e189ba3d0,evt_1287a473f64deeb9,Pat Connaughton,NBA,15.68,13.48,0,0.14,2.6800,3.0000,4.6100,1.5000
$500 NBA Daily 8/20,2020-08-20T22:26:37.799309,estk_1287a473f64deeb9f16014e0a040fe5b,evt_1287a473f64deeb9,Wesley Matthews,NBA,14.75,13.69,1,0.14,2.5100,2.8700,4.5100,1.4000
$500 NBA Daily 8/20,2020-08-20T22:26:37.799313,estk_1287a473f64deeb934e281c85e12c538,evt_1287a473f64deeb9,Khem Birch,NBA,13.28,11.42,0,0.14,2.4300,2.6600,4.2800,1.1600
$500 NBA Daily 8/20,2020-08-20T22:26:37.799316,estk_1287a473f64deeb955086ea38656fe99,evt_1287a473f64deeb9,Aaron Gordon,NBA,0,0,0,0.14,1.0000,3.4300,2.5200,
$500 NBA Daily 8/20,2020-08-20T22:26:37.873463,estk_1287a473f64deeb912d0c14aa5dfd232,evt_1287a473f64deeb9,Giannis Antetokounmpo,NBA,54.49,61.11,14.25,0.14,17.1600,7.1600,18.9600,15.2800
$500 NBA Daily 8/20,2020-08-20T22:26:37.873504,estk_1287a473f64deeb9f6c7d554d2fa9f75,evt_1287a473f64deeb9,Nikola Vucevic,NBA,43.84,46.2,8.5,0.14,10.5700,6.9900,12.2100,9.2800
$500 NBA Daily 8/20,2020-08-20T22:26:37.873519,estk_1287a473f64deeb9f2604b3c6ec43ff2,evt_1287a473f64deeb9,Khris Middleton,NBA,32.67,33.85,5.75,0.14,5.7200,6.0100,7.5400,4.6500
$500 NBA Daily 8/20,2020-08-20T22:26:37.873523,estk_1287a473f64deeb9806121a64c461e99,evt_1287a473f64deeb9,Brook Lopez,NBA,24.32,27.92,7,0.14,5.5800,4.4000,7.4100,4.1700
$500 NBA Daily 8/20,2020-08-20T22:26:37.873535,estk_1287a473f64deeb958d79b9f2662f624,evt_1287a473f64deeb9,Evan Fournier,NBA,26.48,27.02,4.25,0.14,4.6700,4.8000,6.7200,3.5100
$500 NBA Daily 8/20,2020-08-20T22:26:37.873539,estk_1287a473f64deeb95684a141296027b3,evt_1287a473f64deeb9,James Ennis,NBA,19.26,25.31,8.75,0.14,4.5600,3.5200,5.7500,2.8000
$500 NBA Daily 8/20,2020-08-20T22:26:37.873543,estk_1287a473f64deeb904749763bd15faac,evt_1287a473f64deeb9,Eric Bledsoe,NBA,25.55,30.47,8.5,0.14,4.4500,4.6500,5.8000,3.2200
$500 NBA Daily 8/20,2020-08-20T22:26:37.873547,estk_1287a473f64deeb9f95aa87cc77383be,evt_1287a473f64deeb9,Markelle Fultz,NBA,23.95,22.1,1.5,0.14,4.0800,4.3400,6.1100,2.7100
$500 NBA Daily 8/20,2020-08-20T22:26:37.873555,estk_1287a473f64deeb9663b3162753394ed,evt_1287a473f64deeb9,Terrence Ross,NBA,20.77,17.86,0,0.14,3.4000,3.7600,4.9000,2.2400
$500 NBA Daily 8/20,2020-08-20T22:26:37.873567,estk_1287a473f64deeb9828daf68b6f4025d,evt_1287a473f64deeb9,George Hill,NBA,19.66,16.91,0,0.14,3.1600,3.5600,5.2000,2.3300
$500 NBA Daily 8/20,2020-08-20T22:26:37.873577,estk_1287a473f64deeb97d8f05cf2dd6dbea,evt_1287a473f64deeb9,D.J. Augustin,NBA,17.97,15.45,0,0.14,3.0200,3.3000,4.5100,1.9100
$500 NBA Daily 8/20,2020-08-20T22:26:37.873595,estk_1287a473f64deeb99076cef21a11902c,evt_1287a473f64deeb9,Donte DiVincenzo,NBA,15.85,13.63,0,0.14,2.7300,2.9800,4.6600,1.5700
$500 NBA Daily 8/20,2020-08-20T22:26:37.873599,estk_1287a473f64deeb9b349a48e189ba3d0,evt_1287a473f64deeb9,Pat Connaughton,NBA,15.68,13.48,0,0.14,2.6800,3.0000,4.6100,1.5000
$500 NBA Daily 8/20,2020-08-20T22:26:37.873603,estk_1287a473f64deeb9f16014e0a040fe5b,evt_1287a473f64deeb9,Wesley Matthews,NBA,14.75,13.69,1,0.14,2.5100,2.8700,4.5100,1.4000
$500 NBA Daily 8/20,2020-08-20T22:26:37.873607,estk_1287a473f64deeb934e281c85e12c538,evt_1287a473f64deeb9,Khem Birch,NBA,13.28,11.42,0,0.14,2.4300,2.6600,4.2800,1.1600
$500 NBA Daily 8/20,2020-08-20T22:26:37.873611,estk_1287a473f64deeb955086ea38656fe99,evt_1287a473f64deeb9,Aaron Gordon,NBA,0,0,0,0.14,1.0000,3.4300,2.5200,
$500 NBA Daily 8/20,2020-08-20T22:28:08.793995,estk_1287a473f64deeb912d0c14aa5dfd232,evt_1287a473f64deeb9,Giannis Antetokounmpo,NBA,54.49,59.48,14.25,0.17,17.1600,7.1600,18.9600,15.2800
$500 NBA Daily 8/20,2020-08-20T22:28:08.794036,estk_1287a473f64deeb9f6c7d554d2fa9f75,evt_1287a473f64deeb9,Nikola Vucevic,NBA,43.84,44.89,8.5,0.17,10.5700,6.9900,12.2100,9.2800
$500 NBA Daily 8/20,2020-08-20T22:28:08.794052,estk_1287a473f64deeb9f2604b3c6ec43ff2,evt_1287a473f64deeb9,Khris Middleton,NBA,32.67,35.62,8.5,0.17,5.7200,6.0100,7.5400,4.6500
$500 NBA Daily 8/20,2020-08-20T22:28:08.794056,estk_1287a473f64deeb9806121a64c461e99,evt_1287a473f64deeb9,Brook Lopez,NBA,24.32,27.19,7,0.17,5.5800,4.4000,7.4100,4.1700
$500 NBA Daily 8/20,2020-08-20T22:28:08.794069,estk_1287a473f64deeb958d79b9f2662f624,evt_1287a473f64deeb9,Evan Fournier,NBA,26.48,28.98,7,0.17,4.6700,4.8000,6.7200,3.5100
$500 NBA Daily 8/20,2020-08-20T22:28:08.794073,estk_1287a473f64deeb95684a141296027b3,evt_1287a473f64deeb9,James Ennis,NBA,19.26,24.74,8.75,0.17,4.5600,3.5200,5.7500,2.8000
$500 NBA Daily 8/20,2020-08-20T22:28:08.794077,estk_1287a473f64deeb904749763bd15faac,evt_1287a473f64deeb9,Eric Bledsoe,NBA,25.55,29.21,8,0.17,4.4500,4.6500,5.8000,3.2200
$500 NBA Daily 8/20,2020-08-20T22:28:08.794081,estk_1287a473f64deeb9f95aa87cc77383be,evt_1287a473f64deeb9,Markelle Fultz,NBA,23.95,20.88,1,0.17,4.0800,4.3400,6.1100,2.7100
$500 NBA Daily 8/20,2020-08-20T22:28:08.794089,estk_1287a473f64deeb9663b3162753394ed,evt_1287a473f64deeb9,Terrence Ross,NBA,20.77,17.24,0,0.17,3.4000,3.7600,4.9000,2.2400
$500 NBA Daily 8/20,2020-08-20T22:28:08.794101,estk_1287a473f64deeb9828daf68b6f4025d,evt_1287a473f64deeb9,George Hill,NBA,19.66,16.32,0,0.17,3.1600,3.5600,5.2000,2.3300
$500 NBA Daily 8/20,2020-08-20T22:28:08.794109,estk_1287a473f64deeb97d8f05cf2dd6dbea,evt_1287a473f64deeb9,D.J. Augustin,NBA,17.97,14.92,0,0.17,3.0200,3.3000,4.5100,1.9100
$500 NBA Daily 8/20,2020-08-20T22:28:08.794128,estk_1287a473f64deeb99076cef21a11902c,evt_1287a473f64deeb9,Donte DiVincenzo,NBA,15.85,14.66,1.5,0.17,2.7300,2.9800,4.6600,1.5700
$500 NBA Daily 8/20,2020-08-20T22:28:08.794132,estk_1287a473f64deeb9b349a48e189ba3d0,evt_1287a473f64deeb9,Pat Connaughton,NBA,15.68,13.01,0,0.17,2.6800,3.0000,4.6100,1.5000
$500 NBA Daily 8/20,2020-08-20T22:28:08.794136,estk_1287a473f64deeb9f16014e0a040fe5b,evt_1287a473f64deeb9,Wesley Matthews,NBA,14.75,13.24,1,0.17,2.5100,2.8700,4.5100,1.4000
$500 NBA Daily 8/20,2020-08-20T22:28:08.794139,estk_1287a473f64deeb934e281c85e12c538,evt_1287a473f64deeb9,Khem Birch,NBA,13.28,11.02,0,0.17,2.4300,2.6600,4.2800,1.1600
$500 NBA Daily 8/20,2020-08-20T22:28:08.794144,estk_1287a473f64deeb955086ea38656fe99,evt_1287a473f64deeb9,Aaron Gordon,NBA,0,0,0,0.17,1.0000,3.4300,2.5200,
$500 NBA Daily 8/20,2020-08-20T22:28:08.835943,estk_1287a473f64deeb912d0c14aa5dfd232,evt_1287a473f64deeb9,Giannis Antetokounmpo,NBA,54.49,59.48,14.25,0.17,17.1600,7.1600,18.9600,15.2800
$500 NBA Daily 8/20,2020-08-20T22:28:08.835985,estk_1287a473f64deeb9f6c7d554d2fa9f75,evt_1287a473f64deeb9,Nikola Vucevic,NBA,43.84,44.89,8.5,0.17,10.5700,6.9900,12.2100,9.2800
$500 NBA Daily 8/20,2020-08-20T22:28:08.835999,estk_1287a473f64deeb9f2604b3c6ec43ff2,evt_1287a473f64deeb9,Khris Middleton,NBA,32.67,35.62,8.5,0.17,5.7200,6.0100,7.5400,4.6500
$500 NBA Daily 8/20,2020-08-20T22:28:08.836003,estk_1287a473f64deeb9806121a64c461e99,evt_1287a473f64deeb9,Brook Lopez,NBA,24.32,27.19,7,0.17,5.5800,4.4000,7.4100,4.1700
$500 NBA Daily 8/20,2020-08-20T22:28:08.836015,estk_1287a473f64deeb958d79b9f2662f624,evt_1287a473f64deeb9,Evan Fournier,NBA,26.48,28.98,7,0.17,4.6700,4.8000,6.7200,3.5100
$500 NBA Daily 8/20,2020-08-20T22:28:08.836019,estk_1287a473f64deeb95684a141296027b3,evt_1287a473f64deeb9,James Ennis,NBA,19.26,24.74,8.75,0.17,4.5600,3.5200,5.7500,2.8000
$500 NBA Daily 8/20,2020-08-20T22:28:08.836023,estk_1287a473f64deeb904749763bd15faac,evt_1287a473f64deeb9,Eric Bledsoe,NBA,25.55,29.21,8,0.17,4.4500,4.6500,5.8000,3.2200
$500 NBA Daily 8/20,2020-08-20T22:28:08.836027,estk_1287a473f64deeb9f95aa87cc77383be,evt_1287a473f64deeb9,Markelle Fultz,NBA,23.95,20.88,1,0.17,4.0800,4.3400,6.1100,2.7100
$500 NBA Daily 8/20,2020-08-20T22:28:08.836034,estk_1287a473f64deeb9663b3162753394ed,evt_1287a473f64deeb9,Terrence Ross,NBA,20.77,17.24,0,0.17,3.4000,3.7600,4.9000,2.2400
$500 NBA Daily 8/20,2020-08-20T22:28:08.836046,estk_1287a473f64deeb9828daf68b6f4025d,evt_1287a473f64deeb9,George Hill,NBA,19.66,16.32,0,0.17,3.1600,3.5600,5.2000,2.3300
$500 NBA Daily 8/20,2020-08-20T22:28:08.836052,estk_1287a473f64deeb97d8f05cf2dd6dbea,evt_1287a473f64deeb9,D.J. Augustin,NBA,17.97,14.92,0,0.17,3.0200,3.3000,4.5100,1.9100
$500 NBA Daily 8/20,2020-08-20T22:28:08.836070,estk_1287a473f64deeb99076cef21a11902c,evt_1287a473f64deeb9,Donte DiVincenzo,NBA,15.85,14.66,1.5,0.17,2.7300,2.9800,4.6600,1.5700
$500 NBA Daily 8/20,2020-08-20T22:28:08.836074,estk_1287a473f64deeb9b349a48e189ba3d0,evt_1287a473f64deeb9,Pat Connaughton,NBA,15.68,13.01,0,0.17,2.6800,3.0000,4.6100,1.5000
$500 NBA Daily 8/20,2020-08-20T22:28:08.836077,estk_1287a473f64deeb9f16014e0a040fe5b,evt_1287a473f64deeb9,Wesley Matthews,NBA,14.75,13.24,1,0.17,2.5100,2.8700,4.5100,1.4000
$500 NBA Daily 8/20,2020-08-20T22:28:08.836081,estk_1287a473f64deeb934e281c85e12c538,evt_1287a473f64deeb9,Khem Birch,NBA,13.28,11.02,0,0.17,2.4300,2.6600,4.2800,1.1600
$500 NBA Daily 8/20,2020-08-20T22:28:08.836085,estk_1287a473f64deeb955086ea38656fe99,evt_1287a473f64deeb9,Aaron Gordon,NBA,0,0,0,0.17,1.0000,3.4300,2.5200,
$500 NBA Daily 8/20,2020-08-20T22:32:41.659218,estk_1287a473f64deeb912d0c14aa5dfd232,evt_1287a473f64deeb9,Giannis Antetokounmpo,NBA,54.49,59.68,15,0.18,17.1600,7.1600,18.9600,15.2800
$500 NBA Daily 8/20,2020-08-20T22:32:41.659264,estk_1287a473f64deeb9f6c7d554d2fa9f75,evt_1287a473f64deeb9,Nikola Vucevic,NBA,43.84,44.45,8.5,0.18,10.5700,6.9900,12.2100,9.2800
$500 NBA Daily 8/20,2020-08-20T22:32:41.659280,estk_1287a473f64deeb9f2604b3c6ec43ff2,evt_1287a473f64deeb9,Khris Middleton,NBA,32.67,35.29,8.5,0.18,5.7200,6.0100,7.5400,4.6500
$500 NBA Daily 8/20,2020-08-20T22:32:41.659284,estk_1287a473f64deeb9806121a64c461e99,evt_1287a473f64deeb9,Brook Lopez,NBA,24.32,26.94,7,0.18,5.5800,4.4000,7.4100,4.1700
$500 NBA Daily 8/20,2020-08-20T22:32:41.659300,estk_1287a473f64deeb958d79b9f2662f624,evt_1287a473f64deeb9,Evan Fournier,NBA,26.48,27.46,5.75,0.18,4.6700,4.8000,6.7200,3.5100
$500 NBA Daily 8/20,2020-08-20T22:32:41.659304,estk_1287a473f64deeb95684a141296027b3,evt_1287a473f64deeb9,James Ennis,NBA,19.26,24.54,8.75,0.18,4.5600,3.5200,5.7500,2.8000
$500 NBA Daily 8/20,2020-08-20T22:32:41.659308,estk_1287a473f64deeb904749763bd15faac,evt_1287a473f64deeb9,Eric Bledsoe,NBA,25.55,28.95,8,0.18,4.4500,4.6500,5.8000,3.2200
$500 NBA Daily 8/20,2020-08-20T22:32:41.659312,estk_1287a473f64deeb9f95aa87cc77383be,evt_1287a473f64deeb9,Markelle Fultz,NBA,23.95,22.64,3,0.18,4.0800,4.3400,6.1100,2.7100
$500 NBA Daily 8/20,2020-08-20T22:32:41.659320,estk_1287a473f64deeb9663b3162753394ed,evt_1287a473f64deeb9,Terrence Ross,NBA,20.77,17.03,0,0.18,3.4000,3.7600,4.9000,2.2400
$500 NBA Daily 8/20,2020-08-20T22:32:41.659332,estk_1287a473f64deeb9828daf68b6f4025d,evt_1287a473f64deeb9,George Hill,NBA,19.66,16.12,0,0.18,3.1600,3.5600,5.2000,2.3300
$500 NBA Daily 8/20,2020-08-20T22:32:41.659340,estk_1287a473f64deeb97d8f05cf2dd6dbea,evt_1287a473f64deeb9,D.J. Augustin,NBA,17.97,14.24,-0.5,0.18,3.0200,3.3000,4.5100,1.9100
$500 NBA Daily 8/20,2020-08-20T22:32:41.659359,estk_1287a473f64deeb99076cef21a11902c,evt_1287a473f64deeb9,Donte DiVincenzo,NBA,15.85,14,1,0.18,2.7300,2.9800,4.6600,1.5700
$500 NBA Daily 8/20,2020-08-20T22:32:41.659362,estk_1287a473f64deeb9b349a48e189ba3d0,evt_1287a473f64deeb9,Pat Connaughton,NBA,15.68,12.86,0,0.18,2.6800,3.0000,4.6100,1.5000
$500 NBA Daily 8/20,2020-08-20T22:32:41.659366,estk_1287a473f64deeb9f16014e0a040fe5b,evt_1287a473f64deeb9,Wesley Matthews,NBA,14.75,11.6,-0.5,0.18,2.5100,2.8700,4.5100,1.4000
$500 NBA Daily 8/20,2020-08-20T22:32:41.659370,estk_1287a473f64deeb934e281c85e12c538,evt_1287a473f64deeb9,Khem Birch,NBA,13.28,10.89,0,0.18,2.4300,2.6600,4.2800,1.1600
$500 NBA Daily 8/20,2020-08-20T22:32:41.659374,estk_1287a473f64deeb955086ea38656fe99,evt_1287a473f64deeb9,Aaron Gordon,NBA,0,0,0,0.18,1.0000,3.4300,2.5200,
$500 NBA Daily 8/20,2020-08-20T22:32:41.930619,estk_1287a473f64deeb912d0c14aa5dfd232,evt_1287a473f64deeb9,Giannis Antetokounmpo,NBA,54.49,59.68,15,0.18,17.1600,7.1600,18.9600,15.2800
$500 NBA Daily 8/20,2020-08-20T22:32:41.930664,estk_1287a473f64deeb9f6c7d554d2fa9f75,evt_1287a473f64deeb9,Nikola Vucevic,NBA,43.84,44.45,8.5,0.18,10.5700,6.9900,12.2100,9.2800
$500 NBA Daily 8/20,2020-08-20T22:32:41.930679,estk_1287a473f64deeb9f2604b3c6ec43ff2,evt_1287a473f64deeb9,Khris Middleton,NBA,32.67,35.29,8.5,0.18,5.7200,6.0100,7.5400,4.6500
$500 NBA Daily 8/20,2020-08-20T22:32:41.930683,estk_1287a473f64deeb9806121a64c461e99,evt_1287a473f64deeb9,Brook Lopez,NBA,24.32,26.94,7,0.18,5.5800,4.4000,7.4100,4.1700
$500 NBA Daily 8/20,2020-08-20T22:32:41.930695,estk_1287a473f64deeb958d79b9f2662f624,evt_1287a473f64deeb9,Evan Fournier,NBA,26.48,27.46,5.75,0.18,4.6700,4.8000,6.7200,3.5100
$500 NBA Daily 8/20,2020-08-20T22:32:41.930698,estk_1287a473f64deeb95684a141296027b3,evt_1287a473f64deeb9,James Ennis,NBA,19.26,24.54,8.75,0.18,4.5600,3.5200,5.7500,2.8000
$500 NBA Daily 8/20,2020-08-20T22:32:41.930702,estk_1287a473f64deeb904749763bd15faac,evt_1287a473f64deeb9,Eric Bledsoe,NBA,25.55,28.95,8,0.18,4.4500,4.6500,5.8000,3.2200
$500 NBA Daily 8/20,2020-08-20T22:32:41.930706,estk_1287a473f64deeb9f95aa87cc77383be,evt_1287a473f64deeb9,Markelle Fultz,NBA,23.95,22.64,3,0.18,4.0800,4.3400,6.1100,2.7100
$500 NBA Daily 8/20,2020-08-20T22:32:41.930714,estk_1287a473f64deeb9663b3162753394ed,evt_1287a473f64deeb9,Terrence Ross,NBA,20.77,17.03,0,0.18,3.4000,3.7600,4.9000,2.2400
$500 NBA Daily 8/20,2020-08-20T22:32:41.930725,estk_1287a473f64deeb9828daf68b6f4025d,evt_1287a473f64deeb9,George Hill,NBA,19.66,16.12,0,0.18,3.1600,3.5600,5.2000,2.3300
$500 NBA Daily 8/20,2020-08-20T22:32:41.930732,estk_1287a473f64deeb97d8f05cf2dd6dbea,evt_1287a473f64deeb9,D.J. Augustin,NBA,17.97,14.24,-0.5,0.18,3.0200,3.3000,4.5100,1.9100
$500 NBA Daily 8/20,2020-08-20T22:32:41.930750,estk_1287a473f64deeb99076cef21a11902c,evt_1287a473f64deeb9,Donte DiVincenzo,NBA,15.85,14,1,0.18,2.7300,2.9800,4.6600,1.5700
$500 NBA Daily 8/20,2020-08-20T22:32:41.930753,estk_1287a473f64deeb9b349a48e189ba3d0,evt_1287a473f64deeb9,Pat Connaughton,NBA,15.68,12.86,0,0.18,2.6800,3.0000,4.6100,1.5000
$500 NBA Daily 8/20,2020-08-20T22:32:41.930757,estk_1287a473f64deeb9f16014e0a040fe5b,evt_1287a473f64deeb9,Wesley Matthews,NBA,14.75,11.6,-0.5,0.18,2.5100,2.8700,4.5100,1.4000
$500 NBA Daily 8/20,2020-08-20T22:32:41.930761,estk_1287a473f64deeb934e281c85e12c538,evt_1287a473f64deeb9,Khem Birch,NBA,13.28,10.89,0,0.18,2.4300,2.6600,4.2800,1.1600
$500 NBA Daily 8/20,2020-08-20T22:32:41.930765,estk_1287a473f64deeb955086ea38656fe99,evt_1287a473f64deeb9,Aaron Gordon,NBA,0,0,0,0.18,1.0000,3.4300,2.5200,
$500 NBA Daily 8/20,2020-08-20T22:35:43.783514,estk_1287a473f64deeb912d0c14aa5dfd232,evt_1287a473f64deeb9,Giannis Antetokounmpo,NBA,54.49,58.59,15,0.2,17.1600,7.1600,18.9600,15.2800
$500 NBA Daily 8/20,2020-08-20T22:35:43.783559,estk_1287a473f64deeb9f6c7d554d2fa9f75,evt_1287a473f64deeb9,Nikola Vucevic,NBA,43.84,43.57,8.5,0.2,10.5700,6.9900,12.2100,9.2800
$500 NBA Daily 8/20,2020-08-20T22:35:43.783575,estk_1287a473f64deeb9f2604b3c6ec43ff2,evt_1287a473f64deeb9,Khris Middleton,NBA,32.67,34.64,8.5,0.2,5.7200,6.0100,7.5400,4.6500
$500 NBA Daily 8/20,2020-08-20T22:35:43.783579,estk_1287a473f64deeb9806121a64c461e99,evt_1287a473f64deeb9,Brook Lopez,NBA,24.32,26.46,7,0.2,5.5800,4.4000,7.4100,4.1700
$500 NBA Daily 8/20,2020-08-20T22:35:43.783591,estk_1287a473f64deeb958d79b9f2662f624,evt_1287a473f64deeb9,Evan Fournier,NBA,26.48,26.93,5.75,0.2,4.6700,4.8000,6.7200,3.5100
$500 NBA Daily 8/20,2020-08-20T22:35:43.783595,estk_1287a473f64deeb95684a141296027b3,evt_1287a473f64deeb9,James Ennis,NBA,19.26,24.16,8.75,0.2,4.5600,3.5200,5.7500,2.8000
$500 NBA Daily 8/20,2020-08-20T22:35:43.783599,estk_1287a473f64deeb904749763bd15faac,evt_1287a473f64deeb9,Eric Bledsoe,NBA,25.55,28.44,8,0.2,4.4500,4.6500,5.8000,3.2200
$500 NBA Daily 8/20,2020-08-20T22:35:43.783603,estk_1287a473f64deeb9f95aa87cc77383be,evt_1287a473f64deeb9,Markelle Fultz,NBA,23.95,22.16,3,0.2,4.0800,4.3400,6.1100,2.7100
$500 NBA Daily 8/20,2020-08-20T22:35:43.783611,estk_1287a473f64deeb9663b3162753394ed,evt_1287a473f64deeb9,Terrence Ross,NBA,20.77,16.12,-0.5,0.2,3.4000,3.7600,4.9000,2.2400
$500 NBA Daily 8/20,2020-08-20T22:35:43.783623,estk_1287a473f64deeb9828daf68b6f4025d,evt_1287a473f64deeb9,George Hill,NBA,19.66,15.73,0,0.2,3.1600,3.5600,5.2000,2.3300
$500 NBA Daily 8/20,2020-08-20T22:35:43.783630,estk_1287a473f64deeb97d8f05cf2dd6dbea,evt_1287a473f64deeb9,D.J. Augustin,NBA,17.97,13.88,-0.5,0.2,3.0200,3.3000,4.5100,1.9100
$500 NBA Daily 8/20,2020-08-20T22:35:43.783649,estk_1287a473f64deeb99076cef21a11902c,evt_1287a473f64deeb9,Donte DiVincenzo,NBA,15.85,14.93,2.25,0.2,2.7300,2.9800,4.6600,1.5700
$500 NBA Daily 8/20,2020-08-20T22:35:43.783653,estk_1287a473f64deeb9b349a48e189ba3d0,evt_1287a473f64deeb9,Pat Connaughton,NBA,15.68,12.54,0,0.2,2.6800,3.0000,4.6100,1.5000
$500 NBA Daily 8/20,2020-08-20T22:35:43.783656,estk_1287a473f64deeb9f16014e0a040fe5b,evt_1287a473f64deeb9,Wesley Matthews,NBA,14.75,11.3,-0.5,0.2,2.5100,2.8700,4.5100,1.4000
$500 NBA Daily 8/20,2020-08-20T22:35:43.783661,estk_1287a473f64deeb934e281c85e12c538,evt_1287a473f64deeb9,Khem Birch,NBA,13.28,11.37,0.75,0.2,2.4300,2.6600,4.2800,1.1600
$500 NBA Daily 8/20,2020-08-20T22:35:43.783665,estk_1287a473f64deeb955086ea38656fe99,evt_1287a473f64deeb9,Aaron Gordon,NBA,0,0,0,0.2,1.0000,3.4300,2.5200,
$500 NBA Daily 8/20,2020-08-20T22:35:43.827179,estk_1287a473f64deeb912d0c14aa5dfd232,evt_1287a473f64deeb9,Giannis Antetokounmpo,NBA,54.49,58.59,15,0.2,17.1600,7.1600,18.9600,15.2800
$500 NBA Daily 8/20,2020-08-20T22:35:43.827220,estk_1287a473f64deeb9f6c7d554d2fa9f75,evt_1287a473f64deeb9,Nikola Vucevic,NBA,43.84,43.57,8.5,0.2,10.5700,6.9900,12.2100,9.2800
$500 NBA Daily 8/20,2020-08-20T22:35:43.827235,estk_1287a473f64deeb9f2604b3c6ec43ff2,evt_1287a473f64deeb9,Khris Middleton,NBA,32.67,34.64,8.5,0.2,5.7200,6.0100,7.5400,4.6500
$500 NBA Daily 8/20,2020-08-20T22:35:43.827238,estk_1287a473f64deeb9806121a64c461e99,evt_1287a473f64deeb9,Brook Lopez,NBA,24.32,26.46,7,0.2,5.5800,4.4000,7.4100,4.1700
$500 NBA Daily 8/20,2020-08-20T22:35:43.827250,estk_1287a473f64deeb958d79b9f2662f624,evt_1287a473f64deeb9,Evan Fournier,NBA,26.48,26.93,5.75,0.2,4.6700,4.8000,6.7200,3.5100
$500 NBA Daily 8/20,2020-08-20T22:35:43.827254,estk_1287a473f64deeb95684a141296027b3,evt_1287a473f64deeb9,James Ennis,NBA,19.26,24.16,8.75,0.2,4.5600,3.5200,5.7500,2.8000
$500 NBA Daily 8/20,2020-08-20T22:35:43.827258,estk_1287a473f64deeb904749763bd15faac,evt_1287a473f64deeb9,Eric Bledsoe,NBA,25.55,28.44,8,0.2,4.4500,4.6500,5.8000,3.2200
$500 NBA Daily 8/20,2020-08-20T22:35:43.827262,estk_1287a473f64deeb9f95aa87cc77383be,evt_1287a473f64deeb9,Markelle Fultz,NBA,23.95,22.16,3,0.2,4.0800,4.3400,6.1100,2.7100
$500 NBA Daily 8/20,2020-08-20T22:35:43.827269,estk_1287a473f64deeb9663b3162753394ed,evt_1287a473f64deeb9,Terrence Ross,NBA,20.77,16.12,-0.5,0.2,3.4000,3.7600,4.9000,2.2400
$500 NBA Daily 8/20,2020-08-20T22:35:43.827280,estk_1287a473f64deeb9828daf68b6f4025d,evt_1287a473f64deeb9,George Hill,NBA,19.66,15.73,0,0.2,3.1600,3.5600,5.2000,2.3300
$500 NBA Daily 8/20,2020-08-20T22:35:43.827287,estk_1287a473f64deeb97d8f05cf2dd6dbea,evt_1287a473f64deeb9,D.J. Augustin,NBA,17.97,13.88,-0.5,0.2,3.0200,3.3000,4.5100,1.9100
$500 NBA Daily 8/20,2020-08-20T22:35:43.827306,estk_1287a473f64deeb99076cef21a11902c,evt_1287a473f64deeb9,Donte DiVincenzo,NBA,15.85,14.93,2.25,0.2,2.7300,2.9800,4.6600,1.5700
$500 NBA Daily 8/20,2020-08-20T22:35:43.827309,estk_1287a473f64deeb9b349a48e189ba3d0,evt_1287a473f64deeb9,Pat Connaughton,NBA,15.68,12.54,0,0.2,2.6800,3.0000,4.6100,1.5000
$500 NBA Daily 8/20,2020-08-20T22:35:43.827313,estk_1287a473f64deeb9f16014e0a040fe5b,evt_1287a473f64deeb9,Wesley Matthews,NBA,14.75,11.3,-0.5,0.2,2.5100,2.8700,4.5100,1.4000
$500 NBA Daily 8/20,2020-08-20T22:35:43.827317,estk_1287a473f64deeb934e281c85e12c538,evt_1287a473f64deeb9,Khem Birch,NBA,13.28,11.37,0.75,0.2,2.4300,2.6600,4.2800,1.1600
$500 NBA Daily 8/20,2020-08-20T22:35:43.827321,estk_1287a473f64deeb955086ea38656fe99,evt_1287a473f64deeb9,Aaron Gordon,NBA,0,0,0,0.2,1.0000,3.4300,2.5200,
$500 NBA Daily 8/20,2020-08-20T22:36:44.437256,estk_1287a473f64deeb912d0c14aa5dfd232,evt_1287a473f64deeb9,Giannis Antetokounmpo,NBA,54.49,56.96,15,0.23,17.1600,7.1600,18.9600,15.2800
$500 NBA Daily 8/20,2020-08-20T22:36:44.437300,estk_1287a473f64deeb9f6c7d554d2fa9f75,evt_1287a473f64deeb9,Nikola Vucevic,NBA,43.84,42.26,8.5,0.23,10.5700,6.9900,12.2100,9.2800
$500 NBA Daily 8/20,2020-08-20T22:36:44.437315,estk_1287a473f64deeb9f2604b3c6ec43ff2,evt_1287a473f64deeb9,Khris Middleton,NBA,32.67,33.66,8.5,0.23,5.7200,6.0100,7.5400,4.6500
$500 NBA Daily 8/20,2020-08-20T22:36:44.437319,estk_1287a473f64deeb9806121a64c461e99,evt_1287a473f64deeb9,Brook Lopez,NBA,24.32,25.73,7,0.23,5.5800,4.4000,7.4100,4.1700
$500 NBA Daily 8/20,2020-08-20T22:36:44.437331,estk_1287a473f64deeb958d79b9f2662f624,evt_1287a473f64deeb9,Evan Fournier,NBA,26.48,28.14,7.75,0.23,4.6700,4.8000,6.7200,3.5100
$500 NBA Daily 8/20,2020-08-20T22:36:44.437335,estk_1287a473f64deeb95684a141296027b3,evt_1287a473f64deeb9,James Ennis,NBA,19.26,23.58,8.75,0.23,4.5600,3.5200,5.7500,2.8000
$500 NBA Daily 8/20,2020-08-20T22:36:44.437339,estk_1287a473f64deeb904749763bd15faac,evt_1287a473f64deeb9,Eric Bledsoe,NBA,25.55,27.67,8,0.23,4.4500,4.6500,5.8000,3.2200
$500 NBA Daily 8/20,2020-08-20T22:36:44.437342,estk_1287a473f64deeb9f95aa87cc77383be,evt_1287a473f64deeb9,Markelle Fultz,NBA,23.95,19.44,1,0.23,4.0800,4.3400,6.1100,2.7100
$500 NBA Daily 8/20,2020-08-20T22:36:44.437350,estk_1287a473f64deeb9663b3162753394ed,evt_1287a473f64deeb9,Terrence Ross,NBA,20.77,15.49,-0.5,0.23,3.4000,3.7600,4.9000,2.2400
$500 NBA Daily 8/20,2020-08-20T22:36:44.437362,estk_1287a473f64deeb9828daf68b6f4025d,evt_1287a473f64deeb9,George Hill,NBA,19.66,14.14,-1,0.23,3.1600,3.5600,5.2000,2.3300
$500 NBA Daily 8/20,2020-08-20T22:36:44.437369,estk_1287a473f64deeb97d8f05cf2dd6dbea,evt_1287a473f64deeb9,D.J. Augustin,NBA,17.97,14.34,0.5,0.23,3.0200,3.3000,4.5100,1.9100
$500 NBA Daily 8/20,2020-08-20T22:36:44.437387,estk_1287a473f64deeb99076cef21a11902c,evt_1287a473f64deeb9,Donte DiVincenzo,NBA,15.85,19.95,7.75,0.23,2.7300,2.9800,4.6600,1.5700
$500 NBA Daily 8/20,2020-08-20T22:36:44.437391,estk_1287a473f64deeb9b349a48e189ba3d0,evt_1287a473f64deeb9,Pat Connaughton,NBA,15.68,17.82,5.75,0.23,2.6800,3.0000,4.6100,1.5000
$500 NBA Daily 8/20,2020-08-20T22:36:44.437395,estk_1287a473f64deeb9f16014e0a040fe5b,evt_1287a473f64deeb9,Wesley Matthews,NBA,14.75,10.86,-0.5,0.23,2.5100,2.8700,4.5100,1.4000
$500 NBA Daily 8/20,2020-08-20T22:36:44.437399,estk_1287a473f64deeb934e281c85e12c538,evt_1287a473f64deeb9,Khem Birch,NBA,13.28,10.48,0.25,0.23,2.4300,2.6600,4.2800,1.1600
$500 NBA Daily 8/20,2020-08-20T22:36:44.437403,estk_1287a473f64deeb955086ea38656fe99,evt_1287a473f64deeb9,Aaron Gordon,NBA,0,0,0,0.23,1.0000,3.4300,2.5200,
$500 NBA Daily 8/20,2020-08-20T22:36:44.449655,estk_1287a473f64deeb912d0c14aa5dfd232,evt_1287a473f64deeb9,Giannis Antetokounmpo,NBA,54.49,56.96,15,0.23,17.1600,7.1600,18.9600,15.2800
$500 NBA Daily 8/20,2020-08-20T22:36:44.449690,estk_1287a473f64deeb9f6c7d554d2fa9f75,evt_1287a473f64deeb9,Nikola Vucevic,NBA,43.84,42.26,8.5,0.23,10.5700,6.9900,12.2100,9.2800
$500 NBA Daily 8/20,2020-08-20T22:36:44.449704,estk_1287a473f64deeb9f2604b3c6ec43ff2,evt_1287a473f64deeb9,Khris Middleton,NBA,32.67,33.66,8.5,0.23,5.7200,6.0100,7.5400,4.6500
$500 NBA Daily 8/20,2020-08-20T22:36:44.449708,estk_1287a473f64deeb9806121a64c461e99,evt_1287a473f64deeb9,Brook Lopez,NBA,24.32,25.73,7,0.23,5.5800,4.4000,7.4100,4.1700
$500 NBA Daily 8/20,2020-08-20T22:36:44.449719,estk_1287a473f64deeb958d79b9f2662f624,evt_1287a473f64deeb9,Evan Fournier,NBA,26.48,28.14,7.75,0.23,4.6700,4.8000,6.7200,3.5100
$500 NBA Daily 8/20,2020-08-20T22:36:44.449723,estk_1287a473f64deeb95684a141296027b3,evt_1287a473f64deeb9,James Ennis,NBA,19.26,23.58,8.75,0.23,4.5600,3.5200,5.7500,2.8000
$500 NBA Daily 8/20,2020-08-20T22:36:44.449727,estk_1287a473f64deeb904749763bd15faac,evt_1287a473f64deeb9,Eric Bledsoe,NBA,25.55,27.67,8,0.23,4.4500,4.6500,5.8000,3.2200
$500 NBA Daily 8/20,2020-08-20T22:36:44.449731,estk_1287a473f64deeb9f95aa87cc77383be,evt_1287a473f64deeb9,Markelle Fultz,NBA,23.95,19.44,1,0.23,4.0800,4.3400,6.1100,2.7100
$500 NBA Daily 8/20,2020-08-20T22:36:44.449739,estk_1287a473f64deeb9663b3162753394ed,evt_1287a473f64deeb9,Terrence Ross,NBA,20.77,15.49,-0.5,0.23,3.4000,3.7600,4.9000,2.2400
$500 NBA Daily 8/20,2020-08-20T22:36:44.449750,estk_1287a473f64deeb9828daf68b6f4025d,evt_1287a473f64deeb9,George Hill,NBA,19.66,14.14,-1,0.23,3.1600,3.5600,5.2000,2.3300
$500 NBA Daily 8/20,2020-08-20T22:36:44.449756,estk_1287a473f64deeb97d8f05cf2dd6dbea,evt_1287a473f64deeb9,D.J. Augustin,NBA,17.97,14.34,0.5,0.23,3.0200,3.3000,4.5100,1.9100
$500 NBA Daily 8/20,2020-08-20T22:36:44.449774,estk_1287a473f64deeb99076cef21a11902c,evt_1287a473f64deeb9,Donte DiVincenzo,NBA,15.85,19.95,7.75,0.23,2.7300,2.9800,4.6600,1.5700
$500 NBA Daily 8/20,2020-08-20T22:36:44.449778,estk_1287a473f64deeb9b349a48e189ba3d0,evt_1287a473f64deeb9,Pat Connaughton,NBA,15.68,17.82,5.75,0.23,2.6800,3.0000,4.6100,1.5000
$500 NBA Daily 8/20,2020-08-20T22:36:44.449781,estk_1287a473f64deeb9f16014e0a040fe5b,evt_1287a473f64deeb9,Wesley Matthews,NBA,14.75,10.86,-0.5,0.23,2.5100,2.8700,4.5100,1.4000
$500 NBA Daily 8/20,2020-08-20T22:36:44.449785,estk_1287a473f64deeb934e281c85e12c538,evt_1287a473f64deeb9,Khem Birch,NBA,13.28,10.48,0.25,0.23,2.4300,2.6600,4.2800,1.1600
$500 NBA Daily 8/20,2020-08-20T22:36:44.449789,estk_1287a473f64deeb955086ea38656fe99,evt_1287a473f64deeb9,Aaron Gordon,NBA,0,0,0,0.23,1.0000,3.4300,2.5200,
$500 NBA Daily 8/20,2020-08-20T22:37:45.191796,estk_1287a473f64deeb912d0c14aa5dfd232,evt_1287a473f64deeb9,Giannis Antetokounmpo,NBA,54.49,55.87,15,0.25,17.1600,7.1600,18.9600,15.2800
$500 NBA Daily 8/20,2020-08-20T22:37:45.191840,estk_1287a473f64deeb9f6c7d554d2fa9f75,evt_1287a473f64deeb9,Nikola Vucevic,NBA,43.84,41.38,8.5,0.25,10.5700,6.9900,12.2100,9.2800
$500 NBA Daily 8/20,2020-08-20T22:37:45.191855,estk_1287a473f64deeb9f2604b3c6ec43ff2,evt_1287a473f64deeb9,Khris Middleton,NBA,32.67,33,8.5,0.25,5.7200,6.0100,7.5400,4.6500
$500 NBA Daily 8/20,2020-08-20T22:37:45.191859,estk_1287a473f64deeb9806121a64c461e99,evt_1287a473f64deeb9,Brook Lopez,NBA,24.32,25.24,7,0.25,5.5800,4.4000,7.4100,4.1700
$500 NBA Daily 8/20,2020-08-20T22:37:45.191872,estk_1287a473f64deeb958d79b9f2662f624,evt_1287a473f64deeb9,Evan Fournier,NBA,26.48,27.61,7.75,0.25,4.6700,4.8000,6.7200,3.5100
$500 NBA Daily 8/20,2020-08-20T22:37:45.191876,estk_1287a473f64deeb95684a141296027b3,evt_1287a473f64deeb9,James Ennis,NBA,19.26,23.2,8.75,0.25,4.5600,3.5200,5.7500,2.8000
$500 NBA Daily 8/20,2020-08-20T22:37:45.191880,estk_1287a473f64deeb904749763bd15faac,evt_1287a473f64deeb9,Eric Bledsoe,NBA,25.55,27.16,8,0.25,4.4500,4.6500,5.8000,3.2200
$500 NBA Daily 8/20,2020-08-20T22:37:45.191884,estk_1287a473f64deeb9f95aa87cc77383be,evt_1287a473f64deeb9,Markelle Fultz,NBA,23.95,18.96,1,0.25,4.0800,4.3400,6.1100,2.7100
$500 NBA Daily 8/20,2020-08-20T22:37:45.191892,estk_1287a473f64deeb9663b3162753394ed,evt_1287a473f64deeb9,Terrence Ross,NBA,20.77,15.08,-0.5,0.25,3.4000,3.7600,4.9000,2.2400
$500 NBA Daily 8/20,2020-08-20T22:37:45.191903,estk_1287a473f64deeb9828daf68b6f4025d,evt_1287a473f64deeb9,George Hill,NBA,19.66,17,2.25,0.25,3.1600,3.5600,5.2000,2.3300
$500 NBA Daily 8/20,2020-08-20T22:37:45.191911,estk_1287a473f64deeb97d8f05cf2dd6dbea,evt_1287a473f64deeb9,D.J. Augustin,NBA,17.97,13.98,0.5,0.25,3.0200,3.3000,4.5100,1.9100
$500 NBA Daily 8/20,2020-08-20T22:37:45.191929,estk_1287a473f64deeb99076cef21a11902c,evt_1287a473f64deeb9,Donte DiVincenzo,NBA,15.85,19.14,7.25,0.25,2.7300,2.9800,4.6600,1.5700
$500 NBA Daily 8/20,2020-08-20T22:37:45.191933,estk_1287a473f64deeb9b349a48e189ba3d0,evt_1287a473f64deeb9,Pat Connaughton,NBA,15.68,16.26,4.5,0.25,2.6800,3.0000,4.6100,1.5000
$500 NBA Daily 8/20,2020-08-20T22:37:45.191937,estk_1287a473f64deeb9f16014e0a040fe5b,evt_1287a473f64deeb9,Wesley Matthews,NBA,14.75,10.56,-0.5,0.25,2.5100,2.8700,4.5100,1.4000
$500 NBA Daily 8/20,2020-08-20T22:37:45.191941,estk_1287a473f64deeb934e281c85e12c538,evt_1287a473f64deeb9,Khem Birch,NBA,13.28,11.46,1.5,0.25,2.4300,2.6600,4.2800,1.1600
$500 NBA Daily 8/20,2020-08-20T22:37:45.191945,estk_1287a473f64deeb955086ea38656fe99,evt_1287a473f64deeb9,Aaron Gordon,NBA,0,0,0,0.25,1.0000,3.4300,2.5200,
