name,time,id,event_id,stock_name,sector,fantasy_points_projected,fantasy_points_projected_live,fantasy_points_scored,amount_completed,estimated_price,last_price,ask_price,bid_price
$50 NBA Daily 8/11,2020-08-11T13:00:24.574412,estk_a2d988bbeba479fb12d0c14aa5dfd232,evt_a2d988bbeba479fb,Giannis Antetokounmpo,NBA,55.16,,,,,,,
$50 NBA Daily 8/11,2020-08-11T13:00:24.574441,estk_a2d988bbeba479fbda4bddbbc347c31f,evt_a2d988bbeba479fb,Jayson Tatum,NBA,39.35,,,,,,,
$50 NBA Daily 8/11,2020-08-11T13:00:24.574446,estk_a2d988bbeba479fbf2604b3c6ec43ff2,evt_a2d988bbeba479fb,Khris Middleton,NBA,35.74,,,,,,,
$50 NBA Daily 8/11,2020-08-11T13:00:24.574450,estk_a2d988bbeba479fb10eefe2828c2cb3c,evt_a2d988bbeba479fb,Thomas Bryant,NBA,35.45,,,,,,,
$50 NBA Daily 8/11,2020-08-11T13:00:24.574454,estk_a2d988bbeba479fb4b8c495d9fa8db90,evt_a2d988bbeba479fb,Jaylen Brown,NBA,33.08,,,,,,,
$50 NBA Daily 8/11,2020-08-11T13:00:24.574458,estk_a2d988bbeba479fbf7c5bbc448149f99,evt_a2d988bbeba479fb,Gordon Hayward,NBA,32.41,,,,,,,
$50 NBA Daily 8/11,2020-08-11T13:00:24.574462,estk_a2d988bbeba479fb8d1c1ad7764c997b,evt_a2d988bbeba479fb,Jonas Valanciunas,NBA,31.87,,,,,,,
$50 NBA Daily 8/11,2020-08-11T13:00:24.574466,estk_a2d988bbeba479fba9edb859d18234d0,evt_a2d988bbeba479fb,Kemba Walker,NBA,31.69,,,,,,,
$50 NBA Daily 8/11,2020-08-11T13:00:24.574470,estk_a2d988bbeba479fbd6171dfea381a48f,evt_a2d988bbeba479fb,Brandon Clarke,NBA,31.55,,,,,,,
$50 NBA Daily 8/11,2020-08-11T13:00:24.574474,estk_a2d988bbeba479fb04749763bd15faac,evt_a2d988bbeba479fb,Eric Bledsoe,NBA,31.23,,,,,,,
$50 NBA Daily 8/11,2020-08-11T13:00:24.574479,estk_a2d988bbeba479fb653a3e7bbfb46eb0,evt_a2d988bbeba479fb,Bogdan Bogdanovic,NBA,29.41,,,,,,,
$50 NBA Daily 8/11,2020-08-11T13:00:24.574483,estk_a2d988bbeba479fb4e6934614546f665,evt_a2d988bbeba479fb,Ja Morant,NBA,28.79,,,,,,,
$50 NBA Daily 8/11,2020-08-11T13:00:24.574487,estk_a2d988bbeba479fb806121a64c461e99,evt_a2d988bbeba479fb,Brook Lopez,NBA,28.73,,,,,,,
$50 NBA Daily 8/11,2020-08-11T13:00:24.574491,estk_a2d988bbeba479fb13a6a7603aa51437,evt_a2d988bbeba479fb,Troy Brown,NBA,27.61,,,,,,,
$50 NBA Daily 8/11,2020-08-11T13:00:24.574495,estk_a2d988bbeba479fb049fe8ca7bf97ec4,evt_a2d988bbeba479fb,Marcus Smart,NBA,26.51,,,,,,,
$50 NBA Daily 8/11,2020-08-11T13:00:24.574499,estk_a2d988bbeba479fb55ca3ac70f0e0b62,evt_a2d988bbeba479fb,Lonzo Ball,NBA,26.09,,,,,,,
$50 NBA Daily 8/11,2020-08-11T13:00:24.574503,estk_a2d988bbeba479fbacf9036f85b48468,evt_a2d988bbeba479fb,Ish Smith,NBA,25.43,,,,,,,
$50 NBA Daily 8/11,2020-08-11T13:00:24.574507,estk_a2d988bbeba479fbaf7276ad9c2ac994,evt_a2d988bbeba479fb,Dillon Brooks,NBA,25.02,,,,,,,
$50 NBA Daily 8/11,2020-08-11T13:00:24.574511,estk_a2d988bbeba479fb3691c43454c522a8,evt_a2d988bbeba479fb,Buddy Hield,NBA,24.72,,,,,,,
$50 NBA Daily 8/11,2020-08-11T13:00:24.574514,estk_a2d988bbeba479fbb809d1c7049b670f,evt_a2d988bbeba479fb,Harrison Barnes,NBA,24.57,,,,,,,
$50 NBA Daily 8/11,2020-08-11T13:00:24.574518,estk_a2d988bbeba479fbd70447b8832098dc,evt_a2d988bbeba479fb,Rui Hachimura,NBA,24.24,,,,,,,
$50 NBA Daily 8/11,2020-08-11T13:00:24.574522,estk_a2d988bbeba479fbb4cad04e823623ff,evt_a2d988bbeba479fb,Derrick Favors,NBA,24.14,,,,,,,
$50 NBA Daily 8/11,2020-08-11T13:00:24.574526,estk_a2d988bbeba479fb201a5680f9441b5c,evt_a2d988bbeba479fb,Daniel Theis,NBA,23.44,,,,,,,
$50 NBA Daily 8/11,2020-08-11T13:00:24.574529,estk_a2d988bbeba479fb1b62dea0e6c0b803,evt_a2d988bbeba479fb,Nicolo Melli,NBA,22.12,,,,,,,
$50 NBA Daily 8/11,2020-08-11T13:00:24.574533,estk_a2d988bbeba479fb83bebe309a436971,evt_a2d988bbeba479fb,Cory Joseph,NBA,21.43,,,,,,,
$50 NBA Daily 8/11,2020-08-11T13:00:24.574537,estk_a2d988bbeba479fb3298b0c055fa35dd,evt_a2d988bbeba479fb,JJ Redick,NBA,20.91,,,,,,,
$50 NBA Daily 8/11,2020-08-11T13:00:24.574541,estk_a2d988bbeba479fb9076cef21a11902c,evt_a2d988bbeba479fb,Donte DiVincenzo,NBA,19.49,,,,,,,
$50 NBA Daily 8/11,2020-08-11T13:00:24.574549,estk_a2d988bbeba479fb828daf68b6f4025d,evt_a2d988bbeba479fb,George Hill,NBA,19.23,,,,,,,
$50 NBA Daily 8/11,2020-08-11T13:00:24.574553,estk_a2d988bbeba479fb742e21c662c0c7b4,evt_a2d988bbeba479fb,Kyle Anderson,NBA,18.98,,,,,,,
$50 NBA Daily 8/11,2020-08-11T13:00:24.574556,estk_a2d988bbeba479fb920bf5c1b3a99895,evt_a2d988bbeba479fb,Jerome Robinson,NBA,18.89,,,,,,,
$50 NBA Daily 8/11,2020-08-11T13:00:24.574560,estk_a2d988bbeba479fb3257ca3a6c599f14,evt_a2d988bbeba479fb,Alex Len,NBA,18.25,,,,,,,
$50 NBA Daily 8/11,2020-08-11T13:00:24.574563,estk_a2d988bbeba479fb01e420d6a93820ae,evt_a2d988bbeba479fb,Josh Hart,NBA,17.63,,,,,,,
$50 NBA Daily 8/11,2020-08-11T13:00:24.574570,estk_a2d988bbeba479fbb349a48e189ba3d0,evt_a2d988bbeba479fb,Pat Connaughton,NBA,17.43,,,,,,,
$50 NBA Daily 8/11,2020-08-11T13:00:24.574573,estk_a2d988bbeba479fb156a3aaad17a2e07,evt_a2d988bbeba479fb,Isaac Bonga,NBA,17.4,,,,,,,
$50 NBA Daily 8/11,2020-08-11T13:00:24.574577,estk_a2d988bbeba479fbf16014e0a040fe5b,evt_a2d988bbeba479fb,Wesley Matthews,NBA,16.5,,,,,,,
$50 NBA Daily 8/11,2020-08-11T13:00:24.574581,estk_a2d988bbeba479fb8097f00ce37705fe,evt_a2d988bbeba479fb,Marvin Williams,NBA,16.38,,,,,,,
$50 NBA Daily 8/11,2020-08-11T13:00:24.574585,estk_a2d988bbeba479fb3ca2dc749cee3306,evt_a2d988bbeba479fb,Grayson Allen,NBA,16.21,,,,,,,
$50 NBA Daily 8/11,2020-08-11T13:00:24.574589,estk_a2d988bbeba479fb685a5d5d5615a90b,evt_a2d988bbeba479fb,Nemanja Bjelica,NBA,15.89,,,,,,,
$50 NBA Daily 8/11,2020-08-11T13:00:24.574592,estk_a2d988bbeba479fbdf5b076d451d97be,evt_a2d988bbeba479fb,De'Anthony Melton,NBA,13.81,,,,,,,
$50 NBA Daily 8/11,2020-08-11T13:00:24.574596,estk_a2d988bbeba479fb0b618101d2ec3008,evt_a2d988bbeba479fb,Moritz Wagner,NBA,11.77,,,,,,,
$50 NBA Daily 8/11,2020-08-11T13:00:24.574600,estk_a2d988bbeba479fb41d6aa90727d2144,evt_a2d988bbeba479fb,Brad Wanamaker,NBA,11.37,,,,,,,
$50 NBA Daily 8/11,2020-08-11T13:00:24.574603,estk_a2d988bbeba479fb2d6f8355da37442f,evt_a2d988bbeba479fb,Enes Kanter,NBA,10.43,,,,,,,
$50 NBA Daily 8/11,2020-08-11T13:00:24.574606,estk_a2d988bbeba479fb821cc214f2e550d8,evt_a2d988bbeba479fb,De'Aaron Fox,NBA,0,,,,,,,
$50 NBA Daily 8/11,2020-08-11T13:00:24.574610,estk_a2d988bbeba479fb9f778e9b41f860a6,evt_a2d988bbeba479fb,Zion Williamson,NBA,0,,,,,,,
$50 NBA Daily 8/11,2020-08-11T13:00:24.574613,estk_a2d988bbeba479fb92a366f55dc75d93,evt_a2d988bbeba479fb,Jrue Holiday,NBA,0,,,,,,,
$50 NBA Daily 8/11,2020-08-11T13:00:24.574617,estk_a2d988bbeba479fb50924ad9a2f1f059,evt_a2d988bbeba479fb,Brandon Ingram,NBA,0,,,,,,,
$50 NBA Daily 8/11,2020-08-11T13:00:24.574621,estk_a2d988bbeba479fb9f8e5b254a67e7a0,evt_a2d988bbeba479fb,Shabazz Napier,NBA,0,,,,,,,
$50 NBA Daily 8/11,2020-08-11T13:00:24.574625,estk_a2d988bbeba479fb58296ab9a18519e7,evt_a2d988bbeba479fb,Kent Bazemore,NBA,0,,,,,,,
$50 NBA Daily 8/11,2020-08-11T16:29:21.367949,estk_a2d988bbeba479fb12d0c14aa5dfd232,evt_a2d988bbeba479fb,Giannis Antetokounmpo,NBA,55.16,,,,19.0200,8.2900,,
$50 NBA Daily 8/11,2020-08-11T16:29:21.367976,estk_a2d988bbeba479fbda4bddbbc347c31f,evt_a2d988bbeba479fb,Jayson Tatum,NBA,37.16,,,,9.6100,4.5900,,
$50 NBA Daily 8/11,2020-08-11T16:29:21.367981,estk_a2d988bbeba479fbf2604b3c6ec43ff2,evt_a2d988bbeba479fb,Khris Middleton,NBA,35.74,,,,9.0100,4.2900,,
$50 NBA Daily 8/11,2020-08-11T16:29:21.367985,estk_a2d988bbeba479fb10eefe2828c2cb3c,evt_a2d988bbeba479fb,Thomas Bryant,NBA,35.45,,,,8.9000,4.2300,,
$50 NBA Daily 8/11,2020-08-11T16:29:21.367990,estk_a2d988bbeba479fbf7c5bbc448149f99,evt_a2d988bbeba479fb,Gordon Hayward,NBA,34.38,,,,8.3700,4.0500,,
$50 NBA Daily 8/11,2020-08-11T16:29:21.367993,estk_a2d988bbeba479fb4b8c495d9fa8db90,evt_a2d988bbeba479fb,Jaylen Brown,NBA,32.13,,,,7.4100,3.6600,,
$50 NBA Daily 8/11,2020-08-11T16:29:21.367997,estk_a2d988bbeba479fba9edb859d18234d0,evt_a2d988bbeba479fb,Kemba Walker,NBA,31.69,,,,7.2600,3.5700,,
$50 NBA Daily 8/11,2020-08-11T16:29:21.368001,estk_a2d988bbeba479fb04749763bd15faac,evt_a2d988bbeba479fb,Eric Bledsoe,NBA,31.23,,,,6.9600,3.5100,,
$50 NBA Daily 8/11,2020-08-11T16:29:21.368004,estk_a2d988bbeba479fb8d1c1ad7764c997b,evt_a2d988bbeba479fb,Jonas Valanciunas,NBA,29.59,,,,6.3400,3.2400,,
$50 NBA Daily 8/11,2020-08-11T16:29:21.368008,estk_a2d988bbeba479fb653a3e7bbfb46eb0,evt_a2d988bbeba479fb,Bogdan Bogdanovic,NBA,29.41,,,,6.3200,3.2100,,
$50 NBA Daily 8/11,2020-08-11T16:29:21.368011,estk_a2d988bbeba479fb4e6934614546f665,evt_a2d988bbeba479fb,Ja Morant,NBA,28.79,,,,6.0900,3.0900,,
$50 NBA Daily 8/11,2020-08-11T16:29:21.368015,estk_a2d988bbeba479fb806121a64c461e99,evt_a2d988bbeba479fb,Brook Lopez,NBA,28.73,,,,6.0500,3.1000,,
$50 NBA Daily 8/11,2020-08-11T16:29:21.368019,estk_a2d988bbeba479fb13a6a7603aa51437,evt_a2d988bbeba479fb,Troy Brown,NBA,27.61,,,,5.6000,2.9300,,
$50 NBA Daily 8/11,2020-08-11T16:29:21.368022,estk_a2d988bbeba479fb55ca3ac70f0e0b62,evt_a2d988bbeba479fb,Lonzo Ball,NBA,26.09,,,,5.1600,2.7100,,
$50 NBA Daily 8/11,2020-08-11T16:29:21.368026,estk_a2d988bbeba479fb049fe8ca7bf97ec4,evt_a2d988bbeba479fb,Marcus Smart,NBA,25.68,,,,5.0700,2.6700,,
$50 NBA Daily 8/11,2020-08-11T16:29:21.368030,estk_a2d988bbeba479fbd6171dfea381a48f,evt_a2d988bbeba479fb,Brandon Clarke,NBA,25.64,,,,4.9900,3.2000,,
$50 NBA Daily 8/11,2020-08-11T16:29:21.368034,estk_a2d988bbeba479fbacf9036f85b48468,evt_a2d988bbeba479fb,Ish Smith,NBA,25.43,,,,4.9800,2.6400,,
$50 NBA Daily 8/11,2020-08-11T16:29:21.368038,estk_a2d988bbeba479fbaf7276ad9c2ac994,evt_a2d988bbeba479fb,Dillon Brooks,NBA,25.02,,,,4.7900,2.5800,,
$50 NBA Daily 8/11,2020-08-11T16:29:21.368041,estk_a2d988bbeba479fb3691c43454c522a8,evt_a2d988bbeba479fb,Buddy Hield,NBA,24.72,,,,4.7200,2.5400,,
$50 NBA Daily 8/11,2020-08-11T16:29:21.368045,estk_a2d988bbeba479fbb809d1c7049b670f,evt_a2d988bbeba479fb,Harrison Barnes,NBA,24.57,,,,4.6300,2.5200,,
$50 NBA Daily 8/11,2020-08-11T16:29:21.368048,estk_a2d988bbeba479fbd70447b8832098dc,evt_a2d988bbeba479fb,Rui Hachimura,NBA,24.24,,,,4.5400,2.4800,,
$50 NBA Daily 8/11,2020-08-11T16:29:21.368052,estk_a2d988bbeba479fbb4cad04e823623ff,evt_a2d988bbeba479fb,Derrick Favors,NBA,24.14,,,,4.5400,2.4800,,
$50 NBA Daily 8/11,2020-08-11T16:29:21.368055,estk_a2d988bbeba479fb201a5680f9441b5c,evt_a2d988bbeba479fb,Daniel Theis,NBA,23.44,,,,4.3200,2.3800,,
$50 NBA Daily 8/11,2020-08-11T16:29:21.368058,estk_a2d988bbeba479fb1b62dea0e6c0b803,evt_a2d988bbeba479fb,Nicolo Melli,NBA,22.12,,,,3.9400,2.2300,,
$50 NBA Daily 8/11,2020-08-11T16:29:21.368062,estk_a2d988bbeba479fb83bebe309a436971,evt_a2d988bbeba479fb,Cory Joseph,NBA,21.43,,,,3.8200,2.1600,,
$50 NBA Daily 8/11,2020-08-11T16:29:21.368065,estk_a2d988bbeba479fb3298b0c055fa35dd,evt_a2d988bbeba479fb,JJ Redick,NBA,20.91,,,,3.7000,2.1100,,
$50 NBA Daily 8/11,2020-08-11T16:29:21.368069,estk_a2d988bbeba479fb9076cef21a11902c,evt_a2d988bbeba479fb,Donte DiVincenzo,NBA,19.49,,,,3.3400,1.9800,,
$50 NBA Daily 8/11,2020-08-11T16:29:21.368073,estk_a2d988bbeba479fb828daf68b6f4025d,evt_a2d988bbeba479fb,George Hill,NBA,19.23,,,,3.2800,1.9500,,
$50 NBA Daily 8/11,2020-08-11T16:29:21.368076,estk_a2d988bbeba479fb920bf5c1b3a99895,evt_a2d988bbeba479fb,Jerome Robinson,NBA,18.89,,,,3.2200,1.9100,,
$50 NBA Daily 8/11,2020-08-11T16:29:21.368080,estk_a2d988bbeba479fb3257ca3a6c599f14,evt_a2d988bbeba479fb,Alex Len,NBA,18.25,,,,3.0900,1.8700,,
$50 NBA Daily 8/11,2020-08-11T16:29:21.368084,estk_a2d988bbeba479fb01e420d6a93820ae,evt_a2d988bbeba479fb,Josh Hart,NBA,17.63,,,,2.9700,1.8200,,
$50 NBA Daily 8/11,2020-08-11T16:29:21.368088,estk_a2d988bbeba479fb156a3aaad17a2e07,evt_a2d988bbeba479fb,Isaac Bonga,NBA,17.4,,,,2.9500,1.8000,,
$50 NBA Daily 8/11,2020-08-11T16:29:21.368091,estk_a2d988bbeba479fbb349a48e189ba3d0,evt_a2d988bbeba479fb,Pat Connaughton,NBA,17.43,,,,2.9100,1.8000,,
$50 NBA Daily 8/11,2020-08-11T16:29:21.368095,estk_a2d988bbeba479fb3ca2dc749cee3306,evt_a2d988bbeba479fb,Grayson Allen,NBA,17.43,,,,2.8600,1.8000,,
$50 NBA Daily 8/11,2020-08-11T16:29:21.368098,estk_a2d988bbeba479fb742e21c662c0c7b4,evt_a2d988bbeba479fb,Kyle Anderson,NBA,16.87,,,,2.8100,1.7900,,
$50 NBA Daily 8/11,2020-08-11T16:29:21.368102,estk_a2d988bbeba479fbf16014e0a040fe5b,evt_a2d988bbeba479fb,Wesley Matthews,NBA,16.5,,,,2.7700,1.7200,,
$50 NBA Daily 8/11,2020-08-11T16:29:21.368106,estk_a2d988bbeba479fb8097f00ce37705fe,evt_a2d988bbeba479fb,Marvin Williams,NBA,16.38,,,,2.7600,1.7200,,
$50 NBA Daily 8/11,2020-08-11T16:29:21.368109,estk_a2d988bbeba479fb685a5d5d5615a90b,evt_a2d988bbeba479fb,Nemanja Bjelica,NBA,15.89,,,,2.6400,1.6800,,
$50 NBA Daily 8/11,2020-08-11T16:29:21.368115,estk_a2d988bbeba479fbdf5b076d451d97be,evt_a2d988bbeba479fb,De'Anthony Melton,NBA,15.88,,,,2.6300,1.6900,,
$50 NBA Daily 8/11,2020-08-11T16:29:21.368119,estk_a2d988bbeba479fb41d6aa90727d2144,evt_a2d988bbeba479fb,Brad Wanamaker,NBA,13.98,,,,2.3400,1.5600,,
$50 NBA Daily 8/11,2020-08-11T16:29:21.368123,estk_a2d988bbeba479fb0b618101d2ec3008,evt_a2d988bbeba479fb,Moritz Wagner,NBA,11.77,,,,2.0400,1.4300,,
$50 NBA Daily 8/11,2020-08-11T16:29:21.368126,estk_a2d988bbeba479fb2d6f8355da37442f,evt_a2d988bbeba479fb,Enes Kanter,NBA,6.95,,,,1.5500,1.3100,,
$50 NBA Daily 8/11,2020-08-11T16:29:21.368129,estk_a2d988bbeba479fb9f778e9b41f860a6,evt_a2d988bbeba479fb,Zion Williamson,NBA,0,,,,1.0000,1.0000,,
$50 NBA Daily 8/11,2020-08-11T16:29:21.368133,estk_a2d988bbeba479fb50924ad9a2f1f059,evt_a2d988bbeba479fb,Brandon Ingram,NBA,0,,,,1.0000,1.0000,,
$50 NBA Daily 8/11,2020-08-11T16:29:21.368136,estk_a2d988bbeba479fb9f8e5b254a67e7a0,evt_a2d988bbeba479fb,Shabazz Napier,NBA,0,,,,1.0000,1.0000,,
$50 NBA Daily 8/11,2020-08-11T16:29:21.368140,estk_a2d988bbeba479fb92a366f55dc75d93,evt_a2d988bbeba479fb,Jrue Holiday,NBA,0,,,,1.0000,1.0000,,
$50 NBA Daily 8/11,2020-08-11T16:29:21.368144,estk_a2d988bbeba479fb821cc214f2e550d8,evt_a2d988bbeba479fb,De'Aaron Fox,NBA,0,,,,1.0000,1.0000,,
$50 NBA Daily 8/11,2020-08-11T16:29:21.368148,estk_a2d988bbeba479fb58296ab9a18519e7,evt_a2d988bbeba479fb,Kent Bazemore,NBA,0,,,,1.0000,1.0000,,
$50 NBA Daily 8/11,2020-08-11T21:00:02.126688,estk_a2d988bbeba479fb12d0c14aa5dfd232,evt_a2d988bbeba479fb,Giannis Antetokounmpo,NBA,55.16,55.16,0,0,21.5800,18.4000,23.5100,
$50 NBA Daily 8/11,2020-08-11T21:00:02.126718,estk_a2d988bbeba479fbda4bddbbc347c31f,evt_a2d988bbeba479fb,Jayson Tatum,NBA,37.16,37.16,0,0,11.0800,10.4700,12.8000,
$50 NBA Daily 8/11,2020-08-11T21:00:02.126723,estk_a2d988bbeba479fb10eefe2828c2cb3c,evt_a2d988bbeba479fb,Thomas Bryant,NBA,35.45,35.45,0,0,10.1000,9.5800,11.8000,
$50 NBA Daily 8/11,2020-08-11T21:00:02.126728,estk_a2d988bbeba479fbf7c5bbc448149f99,evt_a2d988bbeba479fb,Gordon Hayward,NBA,34.38,34.38,0,0,9.5800,9.0600,11.2700,
$50 NBA Daily 8/11,2020-08-11T21:00:02.126732,estk_a2d988bbeba479fb4b8c495d9fa8db90,evt_a2d988bbeba479fb,Jaylen Brown,NBA,32.13,32.13,0,0,8.3000,7.9400,9.9700,
$50 NBA Daily 8/11,2020-08-11T21:00:02.126737,estk_a2d988bbeba479fba9edb859d18234d0,evt_a2d988bbeba479fb,Kemba Walker,NBA,31.69,31.69,0,0,8.0600,7.7000,9.7200,
$50 NBA Daily 8/11,2020-08-11T21:00:02.126741,estk_a2d988bbeba479fb8d1c1ad7764c997b,evt_a2d988bbeba479fb,Jonas Valanciunas,NBA,29.59,29.59,0,0,7.0000,6.7800,8.6400,
$50 NBA Daily 8/11,2020-08-11T21:00:02.126745,estk_a2d988bbeba479fb653a3e7bbfb46eb0,evt_a2d988bbeba479fb,Bogdan Bogdanovic,NBA,29.41,29.41,0,0,6.9600,6.6600,8.6000,
$50 NBA Daily 8/11,2020-08-11T21:00:02.126749,estk_a2d988bbeba479fb4e6934614546f665,evt_a2d988bbeba479fb,Ja Morant,NBA,28.79,28.79,0,0,6.6800,6.4200,8.3100,
$50 NBA Daily 8/11,2020-08-11T21:00:02.126753,estk_a2d988bbeba479fb13a6a7603aa51437,evt_a2d988bbeba479fb,Troy Brown,NBA,27.61,27.61,0,0,6.2400,5.9400,7.8600,
$50 NBA Daily 8/11,2020-08-11T21:00:02.126758,estk_a2d988bbeba479fb55ca3ac70f0e0b62,evt_a2d988bbeba479fb,Lonzo Ball,NBA,26.09,26.09,0,0,5.5300,5.3100,7.1400,
$50 NBA Daily 8/11,2020-08-11T21:00:02.126762,estk_a2d988bbeba479fb049fe8ca7bf97ec4,evt_a2d988bbeba479fb,Marcus Smart,NBA,25.68,25.68,0,0,5.4200,5.1400,7.0300,
$50 NBA Daily 8/11,2020-08-11T21:00:02.126766,estk_a2d988bbeba479fbd6171dfea381a48f,evt_a2d988bbeba479fb,Brandon Clarke,NBA,25.64,25.64,0,0,5.3800,5.1500,6.9900,
$50 NBA Daily 8/11,2020-08-11T21:00:02.126770,estk_a2d988bbeba479fb828daf68b6f4025d,evt_a2d988bbeba479fb,George Hill,NBA,25.63,25.63,0,0,5.3500,5.1400,6.9600,
$50 NBA Daily 8/11,2020-08-11T21:00:02.126774,estk_a2d988bbeba479fbacf9036f85b48468,evt_a2d988bbeba479fb,Ish Smith,NBA,25.43,25.43,0,0,5.2500,5.0900,6.8600,
$50 NBA Daily 8/11,2020-08-11T21:00:02.126778,estk_a2d988bbeba479fb806121a64c461e99,evt_a2d988bbeba479fb,Brook Lopez,NBA,25.14,25.14,0,0,5.1700,4.9900,6.7700,
$50 NBA Daily 8/11,2020-08-11T21:00:02.126781,estk_a2d988bbeba479fbaf7276ad9c2ac994,evt_a2d988bbeba479fb,Dillon Brooks,NBA,25.02,25.02,0,0,5.1300,4.9100,6.7300,
$50 NBA Daily 8/11,2020-08-11T21:00:02.126785,estk_a2d988bbeba479fb3691c43454c522a8,evt_a2d988bbeba479fb,Buddy Hield,NBA,24.72,24.72,0,0,5.0200,4.8200,6.6200,
$50 NBA Daily 8/11,2020-08-11T21:00:02.126789,estk_a2d988bbeba479fbb809d1c7049b670f,evt_a2d988bbeba479fb,Harrison Barnes,NBA,24.57,24.57,0,0,4.9700,4.7600,6.5700,
$50 NBA Daily 8/11,2020-08-11T21:00:02.126793,estk_a2d988bbeba479fbb4cad04e823623ff,evt_a2d988bbeba479fb,Derrick Favors,NBA,24.14,24.14,0,0,4.8500,4.5900,6.4500,
$50 NBA Daily 8/11,2020-08-11T21:00:02.126797,estk_a2d988bbeba479fbd70447b8832098dc,evt_a2d988bbeba479fb,Rui Hachimura,NBA,24.24,24.24,0,0,4.8300,4.6800,6.4300,
$50 NBA Daily 8/11,2020-08-11T21:00:02.126801,estk_a2d988bbeba479fbb349a48e189ba3d0,evt_a2d988bbeba479fb,Pat Connaughton,NBA,24.1,24.1,0,0,4.8300,4.6200,6.4300,
$50 NBA Daily 8/11,2020-08-11T21:00:02.126805,estk_a2d988bbeba479fb201a5680f9441b5c,evt_a2d988bbeba479fb,Daniel Theis,NBA,23.44,23.44,0,0,4.5200,4.3800,6.1100,
$50 NBA Daily 8/11,2020-08-11T21:00:02.126809,estk_a2d988bbeba479fb1b62dea0e6c0b803,evt_a2d988bbeba479fb,Nicolo Melli,NBA,22.12,22.12,0,0,4.1300,4.0100,5.7100,
$50 NBA Daily 8/11,2020-08-11T21:00:02.126813,estk_a2d988bbeba479fb83bebe309a436971,evt_a2d988bbeba479fb,Cory Joseph,NBA,21.43,21.43,0,0,3.9200,3.8000,5.5000,
$50 NBA Daily 8/11,2020-08-11T21:00:02.126816,estk_a2d988bbeba479fb3298b0c055fa35dd,evt_a2d988bbeba479fb,JJ Redick,NBA,20.91,20.91,0,0,3.7500,3.6200,5.3300,
$50 NBA Daily 8/11,2020-08-11T21:00:02.126820,estk_a2d988bbeba479fb920bf5c1b3a99895,evt_a2d988bbeba479fb,Jerome Robinson,NBA,18.89,18.89,0,0,3.2200,3.0900,4.7800,
$50 NBA Daily 8/11,2020-08-11T21:00:02.126824,estk_a2d988bbeba479fb8097f00ce37705fe,evt_a2d988bbeba479fb,Marvin Williams,NBA,18.72,18.72,0,0,3.1500,3.0700,4.7100,
$50 NBA Daily 8/11,2020-08-11T21:00:02.126828,estk_a2d988bbeba479fb3257ca3a6c599f14,evt_a2d988bbeba479fb,Alex Len,NBA,18.25,18.25,0,0,3.0400,2.9600,4.6000,
$50 NBA Daily 8/11,2020-08-11T21:00:02.126831,estk_a2d988bbeba479fb01e420d6a93820ae,evt_a2d988bbeba479fb,Josh Hart,NBA,17.63,17.63,0,0,2.8800,2.8200,4.4400,
$50 NBA Daily 8/11,2020-08-11T21:00:02.126835,estk_a2d988bbeba479fb3ca2dc749cee3306,evt_a2d988bbeba479fb,Grayson Allen,NBA,17.43,17.43,0,0,2.8700,2.8000,4.4300,
$50 NBA Daily 8/11,2020-08-11T21:00:02.126838,estk_a2d988bbeba479fb156a3aaad17a2e07,evt_a2d988bbeba479fb,Isaac Bonga,NBA,17.4,17.4,0,0,2.8300,2.7600,4.3900,
$50 NBA Daily 8/11,2020-08-11T21:00:02.126842,estk_a2d988bbeba479fb742e21c662c0c7b4,evt_a2d988bbeba479fb,Kyle Anderson,NBA,16.87,16.87,0,0,2.7000,2.6700,4.2500,
$50 NBA Daily 8/11,2020-08-11T21:00:02.126846,estk_a2d988bbeba479fbdf5b076d451d97be,evt_a2d988bbeba479fb,De'Anthony Melton,NBA,15.88,15.88,0,0,2.5400,2.4800,4.0900,
$50 NBA Daily 8/11,2020-08-11T21:00:02.126850,estk_a2d988bbeba479fb685a5d5d5615a90b,evt_a2d988bbeba479fb,Nemanja Bjelica,NBA,15.89,15.89,0,0,2.5300,2.4800,4.0800,
$50 NBA Daily 8/11,2020-08-11T21:00:02.126854,estk_a2d988bbeba479fb9f8e5b254a67e7a0,evt_a2d988bbeba479fb,Shabazz Napier,NBA,15.55,15.55,0,0,2.4900,2.4100,4.0400,
$50 NBA Daily 8/11,2020-08-11T21:00:02.126859,estk_a2d988bbeba479fb41d6aa90727d2144,evt_a2d988bbeba479fb,Brad Wanamaker,NBA,13.98,13.98,0,0,2.1600,2.1700,3.7000,
$50 NBA Daily 8/11,2020-08-11T21:00:02.126863,estk_a2d988bbeba479fb0b618101d2ec3008,evt_a2d988bbeba479fb,Moritz Wagner,NBA,11.77,11.77,0,0,1.8500,1.8700,3.3900,
$50 NBA Daily 8/11,2020-08-11T21:00:02.126867,estk_a2d988bbeba479fb2d6f8355da37442f,evt_a2d988bbeba479fb,Enes Kanter,NBA,6.95,6.95,0,0,1.4100,1.4300,2.9400,
$50 NBA Daily 8/11,2020-08-11T21:00:02.126871,estk_a2d988bbeba479fb50924ad9a2f1f059,evt_a2d988bbeba479fb,Brandon Ingram,NBA,0,0,0,0,1.0000,1.0000,2.5200,
$50 NBA Daily 8/11,2020-08-11T21:00:02.126874,estk_a2d988bbeba479fb04749763bd15faac,evt_a2d988bbeba479fb,Eric Bledsoe,NBA,0,0,0,0,1.0000,4.6900,2.5200,
$50 NBA Daily 8/11,2020-08-11T21:00:02.126878,estk_a2d988bbeba479fb821cc214f2e550d8,evt_a2d988bbeba479fb,De'Aaron Fox,NBA,0,0,0,0,1.0000,1.0000,2.5200,
$50 NBA Daily 8/11,2020-08-11T21:00:02.126882,estk_a2d988bbeba479fb9076cef21a11902c,evt_a2d988bbeba479fb,Donte DiVincenzo,NBA,0,0,0,0,1.0000,2.6500,2.5200,
$50 NBA Daily 8/11,2020-08-11T21:00:02.126886,estk_a2d988bbeba479fb9f778e9b41f860a6,evt_a2d988bbeba479fb,Zion Williamson,NBA,0,0,0,0,1.0000,1.0000,2.5200,
$50 NBA Daily 8/11,2020-08-11T21:00:02.126889,estk_a2d988bbeba479fb92a366f55dc75d93,evt_a2d988bbeba479fb,Jrue Holiday,NBA,0,0,0,0,1.0000,1.0000,2.5200,
$50 NBA Daily 8/11,2020-08-11T21:00:02.126893,estk_a2d988bbeba479fbf16014e0a040fe5b,evt_a2d988bbeba479fb,Wesley Matthews,NBA,0,0,0,0,1.0000,2.2300,2.5200,
$50 NBA Daily 8/11,2020-08-11T21:00:02.126897,estk_a2d988bbeba479fbf2604b3c6ec43ff2,evt_a2d988bbeba479fb,Khris Middleton,NBA,0,0,0,0,1.0000,5.8100,2.5200,
$50 NBA Daily 8/11,2020-08-11T21:00:02.126902,estk_a2d988bbeba479fb58296ab9a18519e7,evt_a2d988bbeba479fb,Kent Bazemore,NBA,0,0,0,0,1.0000,1.0000,2.5200,
$50 NBA Daily 8/11,2020-08-11T21:12:48.194611,estk_a2d988bbeba479fbda4bddbbc347c31f,evt_a2d988bbeba479fb,Jayson Tatum,NBA,37.16,39.42,3,0.02,11.0700,10.4700,12.8000,9.3500
$50 NBA Daily 8/11,2020-08-11T21:12:48.194623,estk_a2d988bbeba479fbf7c5bbc448149f99,evt_a2d988bbeba479fb,Gordon Hayward,NBA,34.38,33.69,0,0.02,9.4600,9.0600,11.2700,7.7700
$50 NBA Daily 8/11,2020-08-11T21:12:48.194627,estk_a2d988bbeba479fb4b8c495d9fa8db90,evt_a2d988bbeba479fb,Jaylen Brown,NBA,32.13,31.49,0,0.02,8.3300,7.9400,9.9700,6.6600
$50 NBA Daily 8/11,2020-08-11T21:12:48.194632,estk_a2d988bbeba479fba9edb859d18234d0,evt_a2d988bbeba479fb,Kemba Walker,NBA,31.69,31.06,0,0.02,8.1100,7.7000,9.7200,6.4500
$50 NBA Daily 8/11,2020-08-11T21:12:48.194636,estk_a2d988bbeba479fb8d1c1ad7764c997b,evt_a2d988bbeba479fb,Jonas Valanciunas,NBA,29.59,32.25,3.25,0.02,7.0500,6.7800,8.6400,5.4100
$50 NBA Daily 8/11,2020-08-11T21:12:48.194644,estk_a2d988bbeba479fb4e6934614546f665,evt_a2d988bbeba479fb,Ja Morant,NBA,28.79,27.71,-0.5,0.02,6.6800,6.4200,8.3100,5.0500
$50 NBA Daily 8/11,2020-08-11T21:12:48.194656,estk_a2d988bbeba479fb049fe8ca7bf97ec4,evt_a2d988bbeba479fb,Marcus Smart,NBA,25.68,25.17,0,0.02,5.3700,5.1400,7.0300,3.7600
$50 NBA Daily 8/11,2020-08-11T21:12:48.194660,estk_a2d988bbeba479fbd6171dfea381a48f,evt_a2d988bbeba479fb,Brandon Clarke,NBA,25.64,25.13,0,0.02,5.3500,5.1500,6.9900,3.7400
$50 NBA Daily 8/11,2020-08-11T21:12:48.194674,estk_a2d988bbeba479fbaf7276ad9c2ac994,evt_a2d988bbeba479fb,Dillon Brooks,NBA,25.02,26.02,1.5,0.02,5.1400,4.9100,6.7300,3.5400
$50 NBA Daily 8/11,2020-08-11T21:12:48.194696,estk_a2d988bbeba479fb201a5680f9441b5c,evt_a2d988bbeba479fb,Daniel Theis,NBA,23.44,24.47,1.5,0.02,4.5600,4.3800,6.1100,3.9300
$50 NBA Daily 8/11,2020-08-11T21:12:48.194728,estk_a2d988bbeba479fb3ca2dc749cee3306,evt_a2d988bbeba479fb,Grayson Allen,NBA,17.43,17.08,0,0.02,2.8700,2.8000,4.4300,2.9700
$50 NBA Daily 8/11,2020-08-11T21:12:48.194732,estk_a2d988bbeba479fb742e21c662c0c7b4,evt_a2d988bbeba479fb,Kyle Anderson,NBA,16.87,16.53,0,0.02,2.7500,2.6700,4.2500,3.7600
$50 NBA Daily 8/11,2020-08-11T21:12:48.194739,estk_a2d988bbeba479fbdf5b076d451d97be,evt_a2d988bbeba479fb,De'Anthony Melton,NBA,15.88,15.56,0,0.02,2.5300,4.0900,4.0900,
$50 NBA Daily 8/11,2020-08-11T21:12:48.194747,estk_a2d988bbeba479fb41d6aa90727d2144,evt_a2d988bbeba479fb,Brad Wanamaker,NBA,13.98,13.7,0,0.02,2.1900,2.1700,3.7000,
$50 NBA Daily 8/11,2020-08-11T21:12:48.194754,estk_a2d988bbeba479fb2d6f8355da37442f,evt_a2d988bbeba479fb,Enes Kanter,NBA,6.95,6.81,0,0.02,1.4100,2.9400,2.9400,
$50 NBA Daily 8/11,2020-08-11T21:13:49.842632,estk_a2d988bbeba479fbda4bddbbc347c31f,evt_a2d988bbeba479fb,Jayson Tatum,NBA,37.16,38.67,3,0.04,12.3400,10.4700,12.8000,10.5900
$50 NBA Daily 8/11,2020-08-11T21:13:49.842642,estk_a2d988bbeba479fbf7c5bbc448149f99,evt_a2d988bbeba479fb,Gordon Hayward,NBA,34.38,33,0,0.04,9.0400,9.0600,,7.7700
$50 NBA Daily 8/11,2020-08-11T21:13:49.842646,estk_a2d988bbeba479fb8d1c1ad7764c997b,evt_a2d988bbeba479fb,Jonas Valanciunas,NBA,29.59,31.16,2.75,0.04,8.2900,6.7800,,6.6200
$50 NBA Daily 8/11,2020-08-11T21:13:49.842651,estk_a2d988bbeba479fb4b8c495d9fa8db90,evt_a2d988bbeba479fb,Jaylen Brown,NBA,32.13,30.34,-0.5,0.04,7.9100,7.9400,9.9700,6.6600
$50 NBA Daily 8/11,2020-08-11T21:13:49.842655,estk_a2d988bbeba479fba9edb859d18234d0,evt_a2d988bbeba479fb,Kemba Walker,NBA,31.69,30.42,0,0.04,7.7300,7.7000,9.7200,6.4500
$50 NBA Daily 8/11,2020-08-11T21:13:49.842663,estk_a2d988bbeba479fb4e6934614546f665,evt_a2d988bbeba479fb,Ja Morant,NBA,28.79,27.14,-0.5,0.04,6.2000,6.4200,8.3100,5.2800
$50 NBA Daily 8/11,2020-08-11T21:13:49.842674,estk_a2d988bbeba479fbaf7276ad9c2ac994,evt_a2d988bbeba479fb,Dillon Brooks,NBA,25.02,25.52,1.5,0.04,5.4600,4.9100,6.7300,3.8500
$50 NBA Daily 8/11,2020-08-11T21:13:49.842685,estk_a2d988bbeba479fb049fe8ca7bf97ec4,evt_a2d988bbeba479fb,Marcus Smart,NBA,25.68,24.65,0,0.04,5.1500,5.1400,7.0300,3.7600
$50 NBA Daily 8/11,2020-08-11T21:13:49.842693,estk_a2d988bbeba479fbd6171dfea381a48f,evt_a2d988bbeba479fb,Brandon Clarke,NBA,25.64,24.61,0,0.04,5.0900,5.1500,6.9900,3.7400
$50 NBA Daily 8/11,2020-08-11T21:13:49.842704,estk_a2d988bbeba479fb201a5680f9441b5c,evt_a2d988bbeba479fb,Daniel Theis,NBA,23.44,24,1.5,0.04,4.8500,4.3800,6.1100,3.9300
$50 NBA Daily 8/11,2020-08-11T21:13:49.842746,estk_a2d988bbeba479fb3ca2dc749cee3306,evt_a2d988bbeba479fb,Grayson Allen,NBA,17.43,16.73,0,0.04,2.7600,2.8000,4.4300,1.3100
$50 NBA Daily 8/11,2020-08-11T21:13:49.842750,estk_a2d988bbeba479fb742e21c662c0c7b4,evt_a2d988bbeba479fb,Kyle Anderson,NBA,16.87,17.45,1.25,0.04,2.6100,4.2500,4.1600,1.2000
$50 NBA Daily 8/11,2020-08-11T21:13:49.842757,estk_a2d988bbeba479fbdf5b076d451d97be,evt_a2d988bbeba479fb,De'Anthony Melton,NBA,15.88,15.24,0,0.04,2.4500,4.0900,4.0900,
$50 NBA Daily 8/11,2020-08-11T21:13:49.842764,estk_a2d988bbeba479fb41d6aa90727d2144,evt_a2d988bbeba479fb,Brad Wanamaker,NBA,13.98,13.42,0,0.04,2.1100,3.7000,3.7000,
$50 NBA Daily 8/11,2020-08-11T21:13:49.842772,estk_a2d988bbeba479fb2d6f8355da37442f,evt_a2d988bbeba479fb,Enes Kanter,NBA,6.95,6.67,0,0.04,1.3700,2.9000,2.9400,
$50 NBA Daily 8/11,2020-08-11T21:15:52.463407,estk_a2d988bbeba479fbda4bddbbc347c31f,evt_a2d988bbeba479fb,Jayson Tatum,NBA,37.16,37.93,3,0.06,12.1200,10.4700,13.8600,10.5900
$50 NBA Daily 8/11,2020-08-11T21:15:52.463417,estk_a2d988bbeba479fbf7c5bbc448149f99,evt_a2d988bbeba479fb,Gordon Hayward,NBA,34.38,32.32,0,0.06,8.8800,9.0600,10.5600,7.7700
$50 NBA Daily 8/11,2020-08-11T21:15:52.463422,estk_a2d988bbeba479fb8d1c1ad7764c997b,evt_a2d988bbeba479fb,Jonas Valanciunas,NBA,29.59,33.81,6,0.06,7.8800,6.7800,9.5400,6.6200
$50 NBA Daily 8/11,2020-08-11T21:15:52.463426,estk_a2d988bbeba479fba9edb859d18234d0,evt_a2d988bbeba479fb,Kemba Walker,NBA,31.69,35.04,5.25,0.06,7.4700,7.7000,9.1200,6.4500
$50 NBA Daily 8/11,2020-08-11T21:15:52.463431,estk_a2d988bbeba479fb4b8c495d9fa8db90,evt_a2d988bbeba479fb,Jaylen Brown,NBA,32.13,30.95,0.75,0.06,7.4200,7.9400,9.0700,6.2500
$50 NBA Daily 8/11,2020-08-11T21:15:52.463443,estk_a2d988bbeba479fb4e6934614546f665,evt_a2d988bbeba479fb,Ja Morant,NBA,28.79,26.06,-1,0.06,5.9800,6.4200,7.6000,5.0500
$50 NBA Daily 8/11,2020-08-11T21:15:52.463458,estk_a2d988bbeba479fbaf7276ad9c2ac994,evt_a2d988bbeba479fb,Dillon Brooks,NBA,25.02,22.02,-1.5,0.06,5.2700,4.9100,6.7300,3.8500
$50 NBA Daily 8/11,2020-08-11T21:15:52.463469,estk_a2d988bbeba479fb049fe8ca7bf97ec4,evt_a2d988bbeba479fb,Marcus Smart,NBA,25.68,24.14,0,0.06,5.0000,5.1400,7.0300,3.7600
$50 NBA Daily 8/11,2020-08-11T21:15:52.463476,estk_a2d988bbeba479fbd6171dfea381a48f,evt_a2d988bbeba479fb,Brandon Clarke,NBA,25.64,24.1,0,0.06,4.9700,5.1500,6.9900,3.7400
$50 NBA Daily 8/11,2020-08-11T21:15:52.463491,estk_a2d988bbeba479fb201a5680f9441b5c,evt_a2d988bbeba479fb,Daniel Theis,NBA,23.44,26.28,4.25,0.06,4.7600,4.3800,6.1100,3.6600
$50 NBA Daily 8/11,2020-08-11T21:15:52.463522,estk_a2d988bbeba479fb742e21c662c0c7b4,evt_a2d988bbeba479fb,Kyle Anderson,NBA,16.87,16.61,0.75,0.06,2.8500,4.2500,4.1600,1.2900
$50 NBA Daily 8/11,2020-08-11T21:15:52.463526,estk_a2d988bbeba479fb3ca2dc749cee3306,evt_a2d988bbeba479fb,Grayson Allen,NBA,17.43,16.38,0,0.06,2.6700,2.8000,4.4300,1.3100
$50 NBA Daily 8/11,2020-08-11T21:15:52.463537,estk_a2d988bbeba479fbdf5b076d451d97be,evt_a2d988bbeba479fb,De'Anthony Melton,NBA,15.88,14.93,0,0.06,2.3800,4.0900,3.9300,
$50 NBA Daily 8/11,2020-08-11T21:15:52.463541,estk_a2d988bbeba479fb41d6aa90727d2144,evt_a2d988bbeba479fb,Brad Wanamaker,NBA,13.98,13.14,0,0.06,2.0900,3.7000,3.6300,
$50 NBA Daily 8/11,2020-08-11T21:15:52.463548,estk_a2d988bbeba479fb2d6f8355da37442f,evt_a2d988bbeba479fb,Enes Kanter,NBA,6.95,6.53,0,0.06,1.3800,2.9400,2.9000,
$50 NBA Daily 8/11,2020-08-11T21:16:53.994755,estk_a2d988bbeba479fbda4bddbbc347c31f,evt_a2d988bbeba479fb,Jayson Tatum,NBA,37.16,37.56,3,0.07,11.4600,10.4700,13.8600,10.5900
$50 NBA Daily 8/11,2020-08-11T21:16:53.994765,estk_a2d988bbeba479fba9edb859d18234d0,evt_a2d988bbeba479fb,Kemba Walker,NBA,31.69,34.72,5.25,0.07,9.8100,7.7000,9.1200,6.4500
$50 NBA Daily 8/11,2020-08-11T21:16:53.994770,estk_a2d988bbeba479fb8d1c1ad7764c997b,evt_a2d988bbeba479fb,Jonas Valanciunas,NBA,29.59,33.52,6,0.07,9.1600,6.7800,9.5400,7.4800
$50 NBA Daily 8/11,2020-08-11T21:16:53.994774,estk_a2d988bbeba479fbf7c5bbc448149f99,evt_a2d988bbeba479fb,Gordon Hayward,NBA,34.38,31.97,0,0.07,8.3000,9.0600,10.5600,7.7700
$50 NBA Daily 8/11,2020-08-11T21:16:53.994778,estk_a2d988bbeba479fb4b8c495d9fa8db90,evt_a2d988bbeba479fb,Jaylen Brown,NBA,32.13,30.63,0.75,0.07,7.5700,7.9400,9.0700,6.2500
$50 NBA Daily 8/11,2020-08-11T21:16:53.994794,estk_a2d988bbeba479fb201a5680f9441b5c,evt_a2d988bbeba479fb,Daniel Theis,NBA,23.44,26.05,4.25,0.07,5.4900,4.3800,6.1100,3.8800
$50 NBA Daily 8/11,2020-08-11T21:16:53.994801,estk_a2d988bbeba479fb4e6934614546f665,evt_a2d988bbeba479fb,Ja Morant,NBA,28.79,25.77,-1,0.07,5.4400,6.4200,7.6000,5.0500
$50 NBA Daily 8/11,2020-08-11T21:16:53.994830,estk_a2d988bbeba479fb049fe8ca7bf97ec4,evt_a2d988bbeba479fb,Marcus Smart,NBA,25.68,23.88,0,0.07,4.6500,5.1400,7.0300,3.7600
$50 NBA Daily 8/11,2020-08-11T21:16:53.994834,estk_a2d988bbeba479fbd6171dfea381a48f,evt_a2d988bbeba479fb,Brandon Clarke,NBA,25.64,23.85,0,0.07,4.6400,5.1500,6.9900,3.7400
$50 NBA Daily 8/11,2020-08-11T21:16:53.994842,estk_a2d988bbeba479fbaf7276ad9c2ac994,evt_a2d988bbeba479fb,Dillon Brooks,NBA,25.02,21.77,-1.5,0.07,3.9700,4.9100,6.7300,3.8500
$50 NBA Daily 8/11,2020-08-11T21:16:53.994874,estk_a2d988bbeba479fb742e21c662c0c7b4,evt_a2d988bbeba479fb,Kyle Anderson,NBA,16.87,16.44,0.75,0.07,2.5900,4.2500,4.1600,1.2900
$50 NBA Daily 8/11,2020-08-11T21:16:53.994878,estk_a2d988bbeba479fb3ca2dc749cee3306,evt_a2d988bbeba479fb,Grayson Allen,NBA,17.43,16.21,0,0.07,2.5300,2.8000,4.4300,1.3100
$50 NBA Daily 8/11,2020-08-11T21:16:53.994885,estk_a2d988bbeba479fbdf5b076d451d97be,evt_a2d988bbeba479fb,De'Anthony Melton,NBA,15.88,14.77,0,0.07,2.2500,4.0900,3.9300,
$50 NBA Daily 8/11,2020-08-11T21:16:53.994889,estk_a2d988bbeba479fb41d6aa90727d2144,evt_a2d988bbeba479fb,Brad Wanamaker,NBA,13.98,13,0,0.07,1.9700,3.7000,3.6300,
$50 NBA Daily 8/11,2020-08-11T21:16:53.994897,estk_a2d988bbeba479fb2d6f8355da37442f,evt_a2d988bbeba479fb,Enes Kanter,NBA,6.95,6.46,0,0.07,1.3400,2.9400,2.9000,
$50 NBA Daily 8/11,2020-08-11T21:17:55.251203,estk_a2d988bbeba479fbda4bddbbc347c31f,evt_a2d988bbeba479fb,Jayson Tatum,NBA,37.16,38.44,4.25,0.08,11.5000,10.4700,13.2300,10.3800
$50 NBA Daily 8/11,2020-08-11T21:17:55.251213,estk_a2d988bbeba479fba9edb859d18234d0,evt_a2d988bbeba479fb,Kemba Walker,NBA,31.69,34.4,5.25,0.08,9.7800,7.7000,11.4800,8.1100
$50 NBA Daily 8/11,2020-08-11T21:17:55.251217,estk_a2d988bbeba479fb8d1c1ad7764c997b,evt_a2d988bbeba479fb,Jonas Valanciunas,NBA,29.59,35.22,8,0.08,9.0800,6.7800,10.7600,7.4800
$50 NBA Daily 8/11,2020-08-11T21:17:55.251222,estk_a2d988bbeba479fbf7c5bbc448149f99,evt_a2d988bbeba479fb,Gordon Hayward,NBA,34.38,31.63,0,0.08,8.2700,9.0600,9.9400,7.3600
$50 NBA Daily 8/11,2020-08-11T21:17:55.251226,estk_a2d988bbeba479fb4b8c495d9fa8db90,evt_a2d988bbeba479fb,Jaylen Brown,NBA,32.13,29.81,0.25,0.08,7.5800,7.9400,9.0700,6.2500
$50 NBA Daily 8/11,2020-08-11T21:17:55.251242,estk_a2d988bbeba479fb201a5680f9441b5c,evt_a2d988bbeba479fb,Daniel Theis,NBA,23.44,25.81,4.25,0.08,5.4800,4.3800,7.0900,3.8800
$50 NBA Daily 8/11,2020-08-11T21:17:55.251254,estk_a2d988bbeba479fb4e6934614546f665,evt_a2d988bbeba479fb,Ja Morant,NBA,28.79,29.24,2.75,0.08,5.3600,6.4200,6.9700,4.3600
$50 NBA Daily 8/11,2020-08-11T21:17:55.251279,estk_a2d988bbeba479fb049fe8ca7bf97ec4,evt_a2d988bbeba479fb,Marcus Smart,NBA,25.68,23.63,0,0.08,4.7300,5.1400,6.3200,3.7600
$50 NBA Daily 8/11,2020-08-11T21:17:55.251283,estk_a2d988bbeba479fbd6171dfea381a48f,evt_a2d988bbeba479fb,Brandon Clarke,NBA,25.64,23.59,0,0.08,4.6800,5.1500,6.2700,3.7400
$50 NBA Daily 8/11,2020-08-11T21:17:55.251290,estk_a2d988bbeba479fbaf7276ad9c2ac994,evt_a2d988bbeba479fb,Dillon Brooks,NBA,25.02,21.52,-1.5,0.08,3.9600,4.9100,5.5400,2.3900
$50 NBA Daily 8/11,2020-08-11T21:17:55.251319,estk_a2d988bbeba479fb742e21c662c0c7b4,evt_a2d988bbeba479fb,Kyle Anderson,NBA,16.87,16.27,0.75,0.08,2.5800,4.2500,4.1600,1.2900
$50 NBA Daily 8/11,2020-08-11T21:17:55.251326,estk_a2d988bbeba479fb3ca2dc749cee3306,evt_a2d988bbeba479fb,Grayson Allen,NBA,17.43,16.04,0,0.08,2.5500,2.8000,4.4300,1.3100
$50 NBA Daily 8/11,2020-08-11T21:17:55.251333,estk_a2d988bbeba479fbdf5b076d451d97be,evt_a2d988bbeba479fb,De'Anthony Melton,NBA,15.88,14.61,0,0.08,2.3100,4.0900,3.9300,
$50 NBA Daily 8/11,2020-08-11T21:17:55.251337,estk_a2d988bbeba479fb41d6aa90727d2144,evt_a2d988bbeba479fb,Brad Wanamaker,NBA,13.98,12.86,0,0.08,1.9700,3.7000,3.6300,
$50 NBA Daily 8/11,2020-08-11T21:17:55.251345,estk_a2d988bbeba479fb2d6f8355da37442f,evt_a2d988bbeba479fb,Enes Kanter,NBA,6.95,6.39,0,0.08,1.3400,2.9400,2.9000,
$50 NBA Daily 8/11,2020-08-11T21:18:56.396930,estk_a2d988bbeba479fbda4bddbbc347c31f,evt_a2d988bbeba479fb,Jayson Tatum,NBA,37.16,37.69,4.25,0.1,11.7800,10.4700,13.2300,10.3800
$50 NBA Daily 8/11,2020-08-11T21:18:56.396940,estk_a2d988bbeba479fb8d1c1ad7764c997b,evt_a2d988bbeba479fb,Jonas Valanciunas,NBA,29.59,34.63,8,0.1,9.9400,6.7800,11.6400,
$50 NBA Daily 8/11,2020-08-11T21:18:56.396945,estk_a2d988bbeba479fba9edb859d18234d0,evt_a2d988bbeba479fb,Kemba Walker,NBA,31.69,33.77,5.25,0.1,9.4800,7.7000,11.1700,8.1100
$50 NBA Daily 8/11,2020-08-11T21:18:56.396949,estk_a2d988bbeba479fbf7c5bbc448149f99,evt_a2d988bbeba479fb,Gordon Hayward,NBA,34.38,31.69,0.75,0.1,8.0100,9.0600,9.6700,6.6000
$50 NBA Daily 8/11,2020-08-11T21:18:56.396953,estk_a2d988bbeba479fb4b8c495d9fa8db90,evt_a2d988bbeba479fb,Jaylen Brown,NBA,32.13,31.17,2.25,0.1,7.0900,7.9400,9.0700,6.2500
$50 NBA Daily 8/11,2020-08-11T21:18:56.396962,estk_a2d988bbeba479fb4e6934614546f665,evt_a2d988bbeba479fb,Ja Morant,NBA,28.79,28.66,2.75,0.1,6.8500,6.4200,8.4900,5.2100
$50 NBA Daily 8/11,2020-08-11T21:18:56.396977,estk_a2d988bbeba479fb201a5680f9441b5c,evt_a2d988bbeba479fb,Daniel Theis,NBA,23.44,25.35,4.25,0.1,5.3000,4.3800,7.0900,3.8800
$50 NBA Daily 8/11,2020-08-11T21:18:56.397006,estk_a2d988bbeba479fb049fe8ca7bf97ec4,evt_a2d988bbeba479fb,Marcus Smart,NBA,25.68,23.11,0,0.1,4.5800,5.1400,6.3200,3.5500
$50 NBA Daily 8/11,2020-08-11T21:18:56.397009,estk_a2d988bbeba479fbd6171dfea381a48f,evt_a2d988bbeba479fb,Brandon Clarke,NBA,25.64,23.08,0,0.1,4.4900,5.1500,6.2700,3.4900
$50 NBA Daily 8/11,2020-08-11T21:18:56.397020,estk_a2d988bbeba479fbaf7276ad9c2ac994,evt_a2d988bbeba479fb,Dillon Brooks,NBA,25.02,21.02,-1.5,0.1,3.8300,4.9100,5.4100,2.3900
$50 NBA Daily 8/11,2020-08-11T21:18:56.397045,estk_a2d988bbeba479fb742e21c662c0c7b4,evt_a2d988bbeba479fb,Kyle Anderson,NBA,16.87,18.18,3,0.1,2.5500,4.2500,4.1600,1.2900
$50 NBA Daily 8/11,2020-08-11T21:18:56.397056,estk_a2d988bbeba479fb3ca2dc749cee3306,evt_a2d988bbeba479fb,Grayson Allen,NBA,17.43,15.69,0,0.1,2.4500,2.8000,4.4300,1.3100
$50 NBA Daily 8/11,2020-08-11T21:18:56.397060,estk_a2d988bbeba479fbdf5b076d451d97be,evt_a2d988bbeba479fb,De'Anthony Melton,NBA,15.88,14.29,0,0.1,2.2400,4.0900,3.9300,
$50 NBA Daily 8/11,2020-08-11T21:18:56.397063,estk_a2d988bbeba479fb41d6aa90727d2144,evt_a2d988bbeba479fb,Brad Wanamaker,NBA,13.98,12.58,0,0.1,1.9800,3.7000,3.6300,
$50 NBA Daily 8/11,2020-08-11T21:18:56.397070,estk_a2d988bbeba479fb2d6f8355da37442f,evt_a2d988bbeba479fb,Enes Kanter,NBA,6.95,6.25,0,0.1,1.3300,2.9400,2.9000,
$50 NBA Daily 8/11,2020-08-11T21:23:02.033205,estk_a2d988bbeba479fbda4bddbbc347c31f,evt_a2d988bbeba479fb,Jayson Tatum,NBA,37.16,38.82,5.75,0.11,11.5300,10.4700,13.2300,10.3800
$50 NBA Daily 8/11,2020-08-11T21:23:02.033216,estk_a2d988bbeba479fb8d1c1ad7764c997b,evt_a2d988bbeba479fb,Jonas Valanciunas,NBA,29.59,35.59,9.25,0.11,9.6900,6.7800,11.4500,8.2400
$50 NBA Daily 8/11,2020-08-11T21:23:02.033221,estk_a2d988bbeba479fba9edb859d18234d0,evt_a2d988bbeba479fb,Kemba Walker,NBA,31.69,33.45,5.25,0.11,9.2100,7.7000,10.8900,8.1100
$50 NBA Daily 8/11,2020-08-11T21:23:02.033225,estk_a2d988bbeba479fbf7c5bbc448149f99,evt_a2d988bbeba479fb,Gordon Hayward,NBA,34.38,31.35,0.75,0.11,8.0800,9.0600,9.6700,6.6000
$50 NBA Daily 8/11,2020-08-11T21:23:02.033229,estk_a2d988bbeba479fb4b8c495d9fa8db90,evt_a2d988bbeba479fb,Jaylen Brown,NBA,32.13,32.85,4.25,0.11,7.7700,7.9400,9.0700,6.2500
$50 NBA Daily 8/11,2020-08-11T21:23:02.033238,estk_a2d988bbeba479fb4e6934614546f665,evt_a2d988bbeba479fb,Ja Morant,NBA,28.79,28.37,2.75,0.11,6.5700,6.4200,8.2300,5.2100
$50 NBA Daily 8/11,2020-08-11T21:23:02.033261,estk_a2d988bbeba479fb201a5680f9441b5c,evt_a2d988bbeba479fb,Daniel Theis,NBA,23.44,28.36,7.5,0.11,5.1700,4.3800,7.0900,3.8800
$50 NBA Daily 8/11,2020-08-11T21:23:02.033283,estk_a2d988bbeba479fbd6171dfea381a48f,evt_a2d988bbeba479fb,Brandon Clarke,NBA,25.64,22.82,0,0.11,4.3500,5.1500,6.2700,3.4900
$50 NBA Daily 8/11,2020-08-11T21:23:02.033287,estk_a2d988bbeba479fb049fe8ca7bf97ec4,evt_a2d988bbeba479fb,Marcus Smart,NBA,25.68,22.86,0,0.11,4.3400,5.1400,6.3200,3.4000
$50 NBA Daily 8/11,2020-08-11T21:23:02.033302,estk_a2d988bbeba479fbaf7276ad9c2ac994,evt_a2d988bbeba479fb,Dillon Brooks,NBA,25.02,20.27,-2,0.11,3.6600,4.9100,5.4100,2.3900
$50 NBA Daily 8/11,2020-08-11T21:23:02.033323,estk_a2d988bbeba479fb742e21c662c0c7b4,evt_a2d988bbeba479fb,Kyle Anderson,NBA,16.87,16.76,1.75,0.11,2.9200,4.2500,4.1600,1.3400
$50 NBA Daily 8/11,2020-08-11T21:23:02.033334,estk_a2d988bbeba479fb3ca2dc749cee3306,evt_a2d988bbeba479fb,Grayson Allen,NBA,17.43,15.51,0,0.11,2.4000,4.4300,3.9300,1.3100
$50 NBA Daily 8/11,2020-08-11T21:23:02.033338,estk_a2d988bbeba479fbdf5b076d451d97be,evt_a2d988bbeba479fb,De'Anthony Melton,NBA,15.88,14.13,0,0.11,2.1400,4.0900,3.9300,
$50 NBA Daily 8/11,2020-08-11T21:23:02.033345,estk_a2d988bbeba479fb41d6aa90727d2144,evt_a2d988bbeba479fb,Brad Wanamaker,NBA,13.98,12.44,0,0.11,1.8800,3.7000,3.6300,
$50 NBA Daily 8/11,2020-08-11T21:23:02.033349,estk_a2d988bbeba479fb2d6f8355da37442f,evt_a2d988bbeba479fb,Enes Kanter,NBA,6.95,6.19,0,0.11,1.3000,2.9000,2.8300,
$50 NBA Daily 8/11,2020-08-11T21:25:04.475137,estk_a2d988bbeba479fbda4bddbbc347c31f,evt_a2d988bbeba479fb,Jayson Tatum,NBA,37.16,38.08,5.75,0.13,12.1100,10.4700,13.5200,10.3800
$50 NBA Daily 8/11,2020-08-11T21:25:04.475144,estk_a2d988bbeba479fb8d1c1ad7764c997b,evt_a2d988bbeba479fb,Jonas Valanciunas,NBA,29.59,34.99,9.25,0.13,10.1800,6.7800,11.4500,8.4800
$50 NBA Daily 8/11,2020-08-11T21:25:04.475153,estk_a2d988bbeba479fba9edb859d18234d0,evt_a2d988bbeba479fb,Kemba Walker,NBA,31.69,34.82,7.25,0.13,8.8500,7.7000,10.6300,7.7900
$50 NBA Daily 8/11,2020-08-11T21:25:04.475157,estk_a2d988bbeba479fb4b8c495d9fa8db90,evt_a2d988bbeba479fb,Jaylen Brown,NBA,32.13,32.2,4.25,0.13,8.6300,7.9400,10.2800,6.9600
$50 NBA Daily 8/11,2020-08-11T21:25:04.475161,estk_a2d988bbeba479fbf7c5bbc448149f99,evt_a2d988bbeba479fb,Gordon Hayward,NBA,34.38,30.66,0.75,0.13,7.7500,9.0600,9.4100,6.6000
$50 NBA Daily 8/11,2020-08-11T21:25:04.475169,estk_a2d988bbeba479fb4e6934614546f665,evt_a2d988bbeba479fb,Ja Morant,NBA,28.79,31.8,6.75,0.13,6.3800,6.4200,8.2300,5.2100
$50 NBA Daily 8/11,2020-08-11T21:25:04.475177,estk_a2d988bbeba479fb201a5680f9441b5c,evt_a2d988bbeba479fb,Daniel Theis,NBA,23.44,27.39,7,0.13,6.3200,4.3800,7.9500,4.7200
$50 NBA Daily 8/11,2020-08-11T21:25:04.475218,estk_a2d988bbeba479fbd6171dfea381a48f,evt_a2d988bbeba479fb,Brandon Clarke,NBA,25.64,23.56,1.25,0.13,4.2300,5.1500,5.7600,3.0900
$50 NBA Daily 8/11,2020-08-11T21:25:04.475221,estk_a2d988bbeba479fb049fe8ca7bf97ec4,evt_a2d988bbeba479fb,Marcus Smart,NBA,25.68,22.34,0,0.13,4.2100,5.1400,5.7500,3.1400
$50 NBA Daily 8/11,2020-08-11T21:25:04.475236,estk_a2d988bbeba479fbaf7276ad9c2ac994,evt_a2d988bbeba479fb,Dillon Brooks,NBA,25.02,19.77,-2,0.13,3.4100,4.9100,4.9800,2.3900
$50 NBA Daily 8/11,2020-08-11T21:25:04.475259,estk_a2d988bbeba479fb742e21c662c0c7b4,evt_a2d988bbeba479fb,Kyle Anderson,NBA,16.87,17.93,3.25,0.13,2.5600,4.2500,4.1600,1.3400
$50 NBA Daily 8/11,2020-08-11T21:25:04.475270,estk_a2d988bbeba479fb3ca2dc749cee3306,evt_a2d988bbeba479fb,Grayson Allen,NBA,17.43,15.16,0,0.13,2.3100,4.4300,3.9300,1.3100
$50 NBA Daily 8/11,2020-08-11T21:25:04.475273,estk_a2d988bbeba479fbdf5b076d451d97be,evt_a2d988bbeba479fb,De'Anthony Melton,NBA,15.88,13.82,0,0.13,2.0600,4.0900,3.9300,
$50 NBA Daily 8/11,2020-08-11T21:25:04.475281,estk_a2d988bbeba479fb41d6aa90727d2144,evt_a2d988bbeba479fb,Brad Wanamaker,NBA,13.98,12.16,0,0.13,1.8500,3.7000,3.6300,
$50 NBA Daily 8/11,2020-08-11T21:25:04.475284,estk_a2d988bbeba479fb2d6f8355da37442f,evt_a2d988bbeba479fb,Enes Kanter,NBA,6.95,6.05,0,0.13,1.2900,2.9000,2.8300,
$50 NBA Daily 8/11,2020-08-11T21:26:05.778690,estk_a2d988bbeba479fbda4bddbbc347c31f,evt_a2d988bbeba479fb,Jayson Tatum,NBA,37.16,37.71,5.75,0.14,11.4700,10.4700,13.5200,10.3800
$50 NBA Daily 8/11,2020-08-11T21:26:05.778701,estk_a2d988bbeba479fb8d1c1ad7764c997b,evt_a2d988bbeba479fb,Jonas Valanciunas,NBA,29.59,34.7,9.25,0.14,9.7000,6.7800,11.4500,8.4800
$50 NBA Daily 8/11,2020-08-11T21:26:05.778706,estk_a2d988bbeba479fba9edb859d18234d0,evt_a2d988bbeba479fb,Kemba Walker,NBA,31.69,34.5,7.25,0.14,9.6000,7.7000,10.6300,7.7900
$50 NBA Daily 8/11,2020-08-11T21:26:05.778710,estk_a2d988bbeba479fb4b8c495d9fa8db90,evt_a2d988bbeba479fb,Jaylen Brown,NBA,32.13,31.88,4.25,0.14,8.1400,7.9400,10.2800,6.9600
$50 NBA Daily 8/11,2020-08-11T21:26:05.778714,estk_a2d988bbeba479fb4e6934614546f665,evt_a2d988bbeba479fb,Ja Morant,NBA,28.79,31.51,6.75,0.14,7.9400,6.4200,8.2300,5.2100
$50 NBA Daily 8/11,2020-08-11T21:26:05.778718,estk_a2d988bbeba479fbf7c5bbc448149f99,evt_a2d988bbeba479fb,Gordon Hayward,NBA,34.38,30.32,0.75,0.14,7.3400,9.0600,9.4100,6.6000
$50 NBA Daily 8/11,2020-08-11T21:26:05.778730,estk_a2d988bbeba479fb201a5680f9441b5c,evt_a2d988bbeba479fb,Daniel Theis,NBA,23.44,27.16,7,0.14,5.8100,4.3800,7.9500,4.7200
$50 NBA Daily 8/11,2020-08-11T21:26:05.778773,estk_a2d988bbeba479fbd6171dfea381a48f,evt_a2d988bbeba479fb,Brandon Clarke,NBA,25.64,23.3,1.25,0.14,4.3100,5.1500,5.7600,3.0900
$50 NBA Daily 8/11,2020-08-11T21:26:05.778784,estk_a2d988bbeba479fb049fe8ca7bf97ec4,evt_a2d988bbeba479fb,Marcus Smart,NBA,25.68,22.08,0,0.14,3.9200,5.1400,5.7500,3.1400
$50 NBA Daily 8/11,2020-08-11T21:26:05.778796,estk_a2d988bbeba479fbaf7276ad9c2ac994,evt_a2d988bbeba479fb,Dillon Brooks,NBA,25.02,19.52,-2,0.14,3.1800,4.9100,4.9800,2.3900
$50 NBA Daily 8/11,2020-08-11T21:26:05.778814,estk_a2d988bbeba479fb742e21c662c0c7b4,evt_a2d988bbeba479fb,Kyle Anderson,NBA,16.87,17.26,2.75,0.14,2.6300,4.2500,4.1600,1.3400
$50 NBA Daily 8/11,2020-08-11T21:26:05.778826,estk_a2d988bbeba479fb3ca2dc749cee3306,evt_a2d988bbeba479fb,Grayson Allen,NBA,17.43,14.99,0,0.14,2.2100,4.4300,3.9300,1.3100
$50 NBA Daily 8/11,2020-08-11T21:26:05.778829,estk_a2d988bbeba479fbdf5b076d451d97be,evt_a2d988bbeba479fb,De'Anthony Melton,NBA,15.88,13.66,0,0.14,1.9900,4.0900,3.9300,
$50 NBA Daily 8/11,2020-08-11T21:26:05.778837,estk_a2d988bbeba479fb41d6aa90727d2144,evt_a2d988bbeba479fb,Brad Wanamaker,NBA,13.98,12.02,0,0.14,1.7500,3.7000,3.6300,
$50 NBA Daily 8/11,2020-08-11T21:26:05.778841,estk_a2d988bbeba479fb2d6f8355da37442f,evt_a2d988bbeba479fb,Enes Kanter,NBA,6.95,7.98,2,0.14,1.3800,2.9000,2.8300,
$50 NBA Daily 8/11,2020-08-11T21:27:06.895411,estk_a2d988bbeba479fbda4bddbbc347c31f,evt_a2d988bbeba479fb,Jayson Tatum,NBA,37.16,36.96,5.75,0.16,11.2600,10.4700,13.2500,10.3800
$50 NBA Daily 8/11,2020-08-11T21:27:06.895422,estk_a2d988bbeba479fb8d1c1ad7764c997b,evt_a2d988bbeba479fb,Jonas Valanciunas,NBA,29.59,34.11,9.25,0.16,9.5900,6.7800,11.4500,8.4800
$50 NBA Daily 8/11,2020-08-11T21:27:06.895427,estk_a2d988bbeba479fba9edb859d18234d0,evt_a2d988bbeba479fb,Kemba Walker,NBA,31.69,33.37,6.75,0.16,9.1700,7.7000,10.8900,7.9100
$50 NBA Daily 8/11,2020-08-11T21:27:06.895431,estk_a2d988bbeba479fb4b8c495d9fa8db90,evt_a2d988bbeba479fb,Jaylen Brown,NBA,32.13,31.24,4.25,0.16,7.9100,7.9400,10.2800,6.9600
$50 NBA Daily 8/11,2020-08-11T21:27:06.895436,estk_a2d988bbeba479fb4e6934614546f665,evt_a2d988bbeba479fb,Ja Morant,NBA,28.79,30.93,6.75,0.16,7.7900,6.4200,9.6500,
$50 NBA Daily 8/11,2020-08-11T21:27:06.895443,estk_a2d988bbeba479fbf7c5bbc448149f99,evt_a2d988bbeba479fb,Gordon Hayward,NBA,34.38,29.13,0.25,0.16,6.8700,9.0600,9.0100,6.4100
$50 NBA Daily 8/11,2020-08-11T21:27:06.895484,estk_a2d988bbeba479fb201a5680f9441b5c,evt_a2d988bbeba479fb,Daniel Theis,NBA,23.44,24.69,5,0.16,4.8800,4.3800,7.4600,4.7200
$50 NBA Daily 8/11,2020-08-11T21:27:06.895491,estk_a2d988bbeba479fbd6171dfea381a48f,evt_a2d988bbeba479fb,Brandon Clarke,NBA,25.64,22.79,1.25,0.16,4.2200,5.1500,5.7600,3.0900
$50 NBA Daily 8/11,2020-08-11T21:27:06.895503,estk_a2d988bbeba479fb049fe8ca7bf97ec4,evt_a2d988bbeba479fb,Marcus Smart,NBA,25.68,21.57,0,0.16,3.8300,5.1400,5.7500,3.0600
$50 NBA Daily 8/11,2020-08-11T21:27:06.895518,estk_a2d988bbeba479fbaf7276ad9c2ac994,evt_a2d988bbeba479fb,Dillon Brooks,NBA,25.02,19.02,-2,0.16,3.0900,4.9100,4.7200,2.2500
$50 NBA Daily 8/11,2020-08-11T21:27:06.895525,estk_a2d988bbeba479fb3ca2dc749cee3306,evt_a2d988bbeba479fb,Grayson Allen,NBA,17.43,18.64,4,0.16,2.9700,4.4300,3.9300,1.3100
$50 NBA Daily 8/11,2020-08-11T21:27:06.895536,estk_a2d988bbeba479fb742e21c662c0c7b4,evt_a2d988bbeba479fb,Kyle Anderson,NBA,16.87,16.92,2.75,0.16,2.5700,4.2500,4.1600,1.3400
$50 NBA Daily 8/11,2020-08-11T21:27:06.895543,estk_a2d988bbeba479fbdf5b076d451d97be,evt_a2d988bbeba479fb,De'Anthony Melton,NBA,15.88,13.34,0,0.16,1.9500,4.0900,3.5300,
$50 NBA Daily 8/11,2020-08-11T21:27:06.895550,estk_a2d988bbeba479fb41d6aa90727d2144,evt_a2d988bbeba479fb,Brad Wanamaker,NBA,13.98,11.74,0,0.16,1.7600,3.7000,3.6300,
$50 NBA Daily 8/11,2020-08-11T21:27:06.895554,estk_a2d988bbeba479fb2d6f8355da37442f,evt_a2d988bbeba479fb,Enes Kanter,NBA,6.95,7.84,2,0.16,1.3600,2.9000,2.8300,
$50 NBA Daily 8/11,2020-08-11T21:29:09.635124,estk_a2d988bbeba479fbda4bddbbc347c31f,evt_a2d988bbeba479fb,Jayson Tatum,NBA,37.16,36.59,5.75,0.17,10.9200,10.4700,12.9900,10.0400
$50 NBA Daily 8/11,2020-08-11T21:29:09.635134,estk_a2d988bbeba479fb4e6934614546f665,evt_a2d988bbeba479fb,Ja Morant,NBA,28.79,34.65,10.75,0.17,9.8000,6.4200,10.4800,7.1200
$50 NBA Daily 8/11,2020-08-11T21:29:09.635139,estk_a2d988bbeba479fb8d1c1ad7764c997b,evt_a2d988bbeba479fb,Jonas Valanciunas,NBA,29.59,33.81,9.25,0.17,9.3100,6.7800,11.4500,8.4800
$50 NBA Daily 8/11,2020-08-11T21:29:09.635143,estk_a2d988bbeba479fba9edb859d18234d0,evt_a2d988bbeba479fb,Kemba Walker,NBA,31.69,33.05,6.75,0.17,8.9700,7.7000,10.7400,7.9100
$50 NBA Daily 8/11,2020-08-11T21:29:09.635147,estk_a2d988bbeba479fb4b8c495d9fa8db90,evt_a2d988bbeba479fb,Jaylen Brown,NBA,32.13,30.92,4.25,0.17,7.7700,7.9400,9.5000,6.4800
$50 NBA Daily 8/11,2020-08-11T21:29:09.635156,estk_a2d988bbeba479fbf7c5bbc448149f99,evt_a2d988bbeba479fb,Gordon Hayward,NBA,34.38,28.79,0.25,0.17,6.6300,9.0600,8.4600,5.2300
$50 NBA Daily 8/11,2020-08-11T21:29:09.635196,estk_a2d988bbeba479fb201a5680f9441b5c,evt_a2d988bbeba479fb,Daniel Theis,NBA,23.44,24.46,5,0.17,4.7900,4.3800,6.4800,3.3000
$50 NBA Daily 8/11,2020-08-11T21:29:09.635203,estk_a2d988bbeba479fbd6171dfea381a48f,evt_a2d988bbeba479fb,Brandon Clarke,NBA,25.64,22.53,1.25,0.17,4.0700,5.1500,5.7600,3.0900
$50 NBA Daily 8/11,2020-08-11T21:29:09.635214,estk_a2d988bbeba479fb049fe8ca7bf97ec4,evt_a2d988bbeba479fb,Marcus Smart,NBA,25.68,21.31,0,0.17,3.6900,5.1400,5.7500,2.5900
$50 NBA Daily 8/11,2020-08-11T21:29:09.635229,estk_a2d988bbeba479fbaf7276ad9c2ac994,evt_a2d988bbeba479fb,Dillon Brooks,NBA,25.02,18.77,-2,0.17,2.9900,4.7200,4.6500,1.8700
$50 NBA Daily 8/11,2020-08-11T21:29:09.635240,estk_a2d988bbeba479fb3ca2dc749cee3306,evt_a2d988bbeba479fb,Grayson Allen,NBA,17.43,18.47,4,0.17,2.8900,4.4300,4.4800,1.4100
$50 NBA Daily 8/11,2020-08-11T21:29:09.635251,estk_a2d988bbeba479fb742e21c662c0c7b4,evt_a2d988bbeba479fb,Kyle Anderson,NBA,16.87,16.75,2.75,0.17,2.5300,4.1600,4.1200,1.3400
$50 NBA Daily 8/11,2020-08-11T21:29:09.635258,estk_a2d988bbeba479fbdf5b076d451d97be,evt_a2d988bbeba479fb,De'Anthony Melton,NBA,15.88,12.68,-0.5,0.17,1.8300,3.4900,3.4700,
$50 NBA Daily 8/11,2020-08-11T21:29:09.635262,estk_a2d988bbeba479fb41d6aa90727d2144,evt_a2d988bbeba479fb,Brad Wanamaker,NBA,13.98,11.6,0,0.17,1.7100,3.6300,3.2600,
$50 NBA Daily 8/11,2020-08-11T21:29:09.635266,estk_a2d988bbeba479fb2d6f8355da37442f,evt_a2d988bbeba479fb,Enes Kanter,NBA,6.95,9.27,3.5,0.17,1.4500,2.9000,2.8300,
$50 NBA Daily 8/11,2020-08-11T21:29:40.162761,estk_a2d988bbeba479fbda4bddbbc347c31f,evt_a2d988bbeba479fb,Jayson Tatum,NBA,37.16,35.48,5.75,0.2,10.9200,10.4700,12.9900,10.0400
$50 NBA Daily 8/11,2020-08-11T21:29:40.162773,estk_a2d988bbeba479fb4e6934614546f665,evt_a2d988bbeba479fb,Ja Morant,NBA,28.79,33.78,10.75,0.2,9.8000,6.4200,10.4800,7.1200
$50 NBA Daily 8/11,2020-08-11T21:29:40.162777,estk_a2d988bbeba479fb8d1c1ad7764c997b,evt_a2d988bbeba479fb,Jonas Valanciunas,NBA,29.59,32.92,9.25,0.2,9.3100,6.7800,11.4500,8.4300
$50 NBA Daily 8/11,2020-08-11T21:29:40.162781,estk_a2d988bbeba479fba9edb859d18234d0,evt_a2d988bbeba479fb,Kemba Walker,NBA,31.69,32.1,6.75,0.2,8.9700,7.7000,10.7400,7.9100
$50 NBA Daily 8/11,2020-08-11T21:29:40.162785,estk_a2d988bbeba479fb4b8c495d9fa8db90,evt_a2d988bbeba479fb,Jaylen Brown,NBA,32.13,29.95,4.25,0.2,7.7700,7.9400,9.5000,6.4800
$50 NBA Daily 8/11,2020-08-11T21:29:40.162794,estk_a2d988bbeba479fbf7c5bbc448149f99,evt_a2d988bbeba479fb,Gordon Hayward,NBA,34.38,30.75,3.25,0.2,6.6300,9.0600,8.4600,5.2300
$50 NBA Daily 8/11,2020-08-11T21:29:40.162834,estk_a2d988bbeba479fb201a5680f9441b5c,evt_a2d988bbeba479fb,Daniel Theis,NBA,23.44,23.75,5,0.2,4.7900,4.3800,6.4800,3.3000
$50 NBA Daily 8/11,2020-08-11T21:29:40.162842,estk_a2d988bbeba479fbd6171dfea381a48f,evt_a2d988bbeba479fb,Brandon Clarke,NBA,25.64,22.01,1.5,0.2,4.0700,5.1500,5.7600,3.0900
$50 NBA Daily 8/11,2020-08-11T21:29:40.162853,estk_a2d988bbeba479fb049fe8ca7bf97ec4,evt_a2d988bbeba479fb,Marcus Smart,NBA,25.68,22.04,1.5,0.2,3.6900,5.1400,5.7500,2.5900
$50 NBA Daily 8/11,2020-08-11T21:29:40.162868,estk_a2d988bbeba479fbaf7276ad9c2ac994,evt_a2d988bbeba479fb,Dillon Brooks,NBA,25.02,18.02,-2,0.2,2.9900,4.7200,4.6500,1.8700
$50 NBA Daily 8/11,2020-08-11T21:29:40.162879,estk_a2d988bbeba479fb3ca2dc749cee3306,evt_a2d988bbeba479fb,Grayson Allen,NBA,17.43,17.94,4,0.2,2.8900,4.4300,4.4800,1.4100
$50 NBA Daily 8/11,2020-08-11T21:29:40.162890,estk_a2d988bbeba479fb742e21c662c0c7b4,evt_a2d988bbeba479fb,Kyle Anderson,NBA,16.87,16.25,2.75,0.2,2.5300,4.1600,4.1200,1.3400
$50 NBA Daily 8/11,2020-08-11T21:29:40.162897,estk_a2d988bbeba479fbdf5b076d451d97be,evt_a2d988bbeba479fb,De'Anthony Melton,NBA,15.88,12.95,0.25,0.2,1.8300,3.4900,3.4700,
$50 NBA Daily 8/11,2020-08-11T21:29:40.162902,estk_a2d988bbeba479fb41d6aa90727d2144,evt_a2d988bbeba479fb,Brad Wanamaker,NBA,13.98,11.18,0,0.2,1.7100,3.6300,3.2600,
$50 NBA Daily 8/11,2020-08-11T21:29:40.162905,estk_a2d988bbeba479fb2d6f8355da37442f,evt_a2d988bbeba479fb,Enes Kanter,NBA,6.95,10.31,4.75,0.2,1.4500,2.9000,2.8300,
$50 NBA Daily 8/11,2020-08-11T21:33:44.958853,estk_a2d988bbeba479fbda4bddbbc347c31f,evt_a2d988bbeba479fb,Jayson Tatum,NBA,37.16,35.11,5.75,0.21,10.4000,10.4700,12.0800,9.2000
$50 NBA Daily 8/11,2020-08-11T21:33:44.958858,estk_a2d988bbeba479fb4e6934614546f665,evt_a2d988bbeba479fb,Ja Morant,NBA,28.79,33.49,10.75,0.21,9.3700,6.4200,11.0600,8.1000
$50 NBA Daily 8/11,2020-08-11T21:33:44.958863,estk_a2d988bbeba479fb8d1c1ad7764c997b,evt_a2d988bbeba479fb,Jonas Valanciunas,NBA,29.59,32.63,9.25,0.21,8.8600,6.7800,10.5300,7.9000
$50 NBA Daily 8/11,2020-08-11T21:33:44.958867,estk_a2d988bbeba479fba9edb859d18234d0,evt_a2d988bbeba479fb,Kemba Walker,NBA,31.69,31.79,6.75,0.21,8.3400,7.7000,10.0700,7.2700
$50 NBA Daily 8/11,2020-08-11T21:33:44.958871,estk_a2d988bbeba479fbf7c5bbc448149f99,evt_a2d988bbeba479fb,Gordon Hayward,NBA,34.38,30.41,3.25,0.21,7.6500,9.0600,9.3000,6.0000
$50 NBA Daily 8/11,2020-08-11T21:33:44.958879,estk_a2d988bbeba479fb4b8c495d9fa8db90,evt_a2d988bbeba479fb,Jaylen Brown,NBA,32.13,30.88,5.5,0.21,7.1900,7.9400,8.8300,6.2500
$50 NBA Daily 8/11,2020-08-11T21:33:44.958905,estk_a2d988bbeba479fb049fe8ca7bf97ec4,evt_a2d988bbeba479fb,Marcus Smart,NBA,25.68,26.29,6,0.21,5.1800,5.2600,6.7900,3.5600
$50 NBA Daily 8/11,2020-08-11T21:33:44.958923,estk_a2d988bbeba479fb201a5680f9441b5c,evt_a2d988bbeba479fb,Daniel Theis,NBA,23.44,23.52,5,0.21,4.5000,6.4800,6.3900,3.3000
$50 NBA Daily 8/11,2020-08-11T21:33:44.958934,estk_a2d988bbeba479fbd6171dfea381a48f,evt_a2d988bbeba479fb,Brandon Clarke,NBA,25.64,21.26,1,0.21,3.8900,5.7600,5.6500,2.9000
$50 NBA Daily 8/11,2020-08-11T21:33:44.958960,estk_a2d988bbeba479fbaf7276ad9c2ac994,evt_a2d988bbeba479fb,Dillon Brooks,NBA,25.02,17.77,-2,0.21,2.7500,4.7200,4.2800,1.8700
$50 NBA Daily 8/11,2020-08-11T21:33:44.958964,estk_a2d988bbeba479fb3ca2dc749cee3306,evt_a2d988bbeba479fb,Grayson Allen,NBA,17.43,17.77,4,0.21,2.7400,4.4300,4.4800,1.4100
$50 NBA Daily 8/11,2020-08-11T21:33:44.958975,estk_a2d988bbeba479fb742e21c662c0c7b4,evt_a2d988bbeba479fb,Kyle Anderson,NBA,16.87,16.08,2.75,0.21,2.3900,4.1600,4.1200,1.3400
$50 NBA Daily 8/11,2020-08-11T21:33:44.958982,estk_a2d988bbeba479fbdf5b076d451d97be,evt_a2d988bbeba479fb,De'Anthony Melton,NBA,15.88,12.8,0.25,0.21,1.8500,3.4900,3.3700,
$50 NBA Daily 8/11,2020-08-11T21:33:44.958986,estk_a2d988bbeba479fb41d6aa90727d2144,evt_a2d988bbeba479fb,Brad Wanamaker,NBA,13.98,12.54,1.5,0.21,1.7900,3.6300,3.1300,
$50 NBA Daily 8/11,2020-08-11T21:33:44.958990,estk_a2d988bbeba479fb2d6f8355da37442f,evt_a2d988bbeba479fb,Enes Kanter,NBA,6.95,9.49,4,0.21,1.5300,2.9000,2.8300,
$50 NBA Daily 8/11,2020-08-11T21:34:46.334759,estk_a2d988bbeba479fbda4bddbbc347c31f,evt_a2d988bbeba479fb,Jayson Tatum,NBA,37.16,34.73,5.75,0.22,10.1800,10.4700,12.0800,9.2000
$50 NBA Daily 8/11,2020-08-11T21:34:46.334765,estk_a2d988bbeba479fb4e6934614546f665,evt_a2d988bbeba479fb,Ja Morant,NBA,28.79,33.21,10.75,0.22,9.2000,6.4200,10.8800,8.1000
$50 NBA Daily 8/11,2020-08-11T21:34:46.334769,estk_a2d988bbeba479fb8d1c1ad7764c997b,evt_a2d988bbeba479fb,Jonas Valanciunas,NBA,29.59,32.33,9.25,0.22,8.7100,6.7800,10.5300,7.6200
$50 NBA Daily 8/11,2020-08-11T21:34:46.334774,estk_a2d988bbeba479fba9edb859d18234d0,evt_a2d988bbeba479fb,Kemba Walker,NBA,31.69,31.47,6.75,0.22,8.2300,7.7000,10.0700,7.2700
$50 NBA Daily 8/11,2020-08-11T21:34:46.334778,estk_a2d988bbeba479fb4b8c495d9fa8db90,evt_a2d988bbeba479fb,Jaylen Brown,NBA,32.13,30.56,5.5,0.22,7.7300,7.9400,8.8300,6.2500
$50 NBA Daily 8/11,2020-08-11T21:34:46.334783,estk_a2d988bbeba479fbf7c5bbc448149f99,evt_a2d988bbeba479fb,Gordon Hayward,NBA,34.38,30.07,3.25,0.22,7.4400,9.0600,9.3000,6.0000
$50 NBA Daily 8/11,2020-08-11T21:34:46.334806,estk_a2d988bbeba479fb049fe8ca7bf97ec4,evt_a2d988bbeba479fb,Marcus Smart,NBA,25.68,26.03,6,0.22,5.5200,5.2600,6.7900,3.9100
$50 NBA Daily 8/11,2020-08-11T21:34:46.334832,estk_a2d988bbeba479fb201a5680f9441b5c,evt_a2d988bbeba479fb,Daniel Theis,NBA,23.44,23.28,5,0.22,4.4100,6.4800,6.3900,3.3000
$50 NBA Daily 8/11,2020-08-11T21:34:46.334846,estk_a2d988bbeba479fbd6171dfea381a48f,evt_a2d988bbeba479fb,Brandon Clarke,NBA,25.64,21,1,0.22,3.6400,5.7600,5.6500,2.7900
$50 NBA Daily 8/11,2020-08-11T21:34:46.334868,estk_a2d988bbeba479fbaf7276ad9c2ac994,evt_a2d988bbeba479fb,Dillon Brooks,NBA,25.02,17.52,-2,0.22,2.7400,4.7200,4.2800,1.8700
$50 NBA Daily 8/11,2020-08-11T21:34:46.334872,estk_a2d988bbeba479fb3ca2dc749cee3306,evt_a2d988bbeba479fb,Grayson Allen,NBA,17.43,17.6,4,0.22,2.7200,4.4300,4.4800,1.4100
$50 NBA Daily 8/11,2020-08-11T21:34:46.334883,estk_a2d988bbeba479fb742e21c662c0c7b4,evt_a2d988bbeba479fb,Kyle Anderson,NBA,16.87,15.91,2.75,0.22,2.3300,4.1600,4.1200,1.3400
$50 NBA Daily 8/11,2020-08-11T21:34:46.334891,estk_a2d988bbeba479fbdf5b076d451d97be,evt_a2d988bbeba479fb,De'Anthony Melton,NBA,15.88,13.39,1,0.22,1.8300,3.4900,3.3700,
$50 NBA Daily 8/11,2020-08-11T21:34:46.334895,estk_a2d988bbeba479fb41d6aa90727d2144,evt_a2d988bbeba479fb,Brad Wanamaker,NBA,13.98,12.4,1.5,0.22,1.7700,3.6300,3.1300,
$50 NBA Daily 8/11,2020-08-11T21:34:46.334899,estk_a2d988bbeba479fb2d6f8355da37442f,evt_a2d988bbeba479fb,Enes Kanter,NBA,6.95,8.92,3.5,0.22,1.4500,2.9000,2.8300,
$50 NBA Daily 8/11,2020-08-11T21:36:48.983558,estk_a2d988bbeba479fbda4bddbbc347c31f,evt_a2d988bbeba479fb,Jayson Tatum,NBA,37.16,34.99,6.75,0.24,10.0400,10.4700,12.0800,8.7400
$50 NBA Daily 8/11,2020-08-11T21:36:48.983563,estk_a2d988bbeba479fb4e6934614546f665,evt_a2d988bbeba479fb,Ja Morant,NBA,28.79,32.63,10.75,0.24,9.1300,6.4200,10.8800,8.1000
$50 NBA Daily 8/11,2020-08-11T21:36:48.983568,estk_a2d988bbeba479fb8d1c1ad7764c997b,evt_a2d988bbeba479fb,Jonas Valanciunas,NBA,29.59,31.74,9.25,0.24,8.5900,6.7800,10.3800,7.6200
$50 NBA Daily 8/11,2020-08-11T21:36:48.983573,estk_a2d988bbeba479fba9edb859d18234d0,evt_a2d988bbeba479fb,Kemba Walker,NBA,31.69,30.83,6.75,0.24,8.1100,7.7000,10.0700,6.5700
$50 NBA Daily 8/11,2020-08-11T21:36:48.983577,estk_a2d988bbeba479fb4b8c495d9fa8db90,evt_a2d988bbeba479fb,Jaylen Brown,NBA,32.13,31.42,7,0.24,7.6400,7.9400,9.3800,6.2500
$50 NBA Daily 8/11,2020-08-11T21:36:48.983581,estk_a2d988bbeba479fbf7c5bbc448149f99,evt_a2d988bbeba479fb,Gordon Hayward,NBA,34.38,29.38,3.25,0.24,7.3600,9.0600,9.3000,6.0000
$50 NBA Daily 8/11,2020-08-11T21:36:48.983604,estk_a2d988bbeba479fb049fe8ca7bf97ec4,evt_a2d988bbeba479fb,Marcus Smart,NBA,25.68,25.52,6,0.24,5.4700,5.2600,6.7900,3.9100
$50 NBA Daily 8/11,2020-08-11T21:36:48.983633,estk_a2d988bbeba479fb201a5680f9441b5c,evt_a2d988bbeba479fb,Daniel Theis,NBA,23.44,22.81,5,0.24,4.3600,6.4800,5.9500,3.3000
$50 NBA Daily 8/11,2020-08-11T21:36:48.983644,estk_a2d988bbeba479fbd6171dfea381a48f,evt_a2d988bbeba479fb,Brandon Clarke,NBA,25.64,20.49,1,0.24,3.5600,5.7600,5.2100,2.6400
$50 NBA Daily 8/11,2020-08-11T21:36:48.983669,estk_a2d988bbeba479fb3ca2dc749cee3306,evt_a2d988bbeba479fb,Grayson Allen,NBA,17.43,16.75,3.5,0.24,2.6500,4.4300,4.4800,1.4100
$50 NBA Daily 8/11,2020-08-11T21:36:48.983672,estk_a2d988bbeba479fbaf7276ad9c2ac994,evt_a2d988bbeba479fb,Dillon Brooks,NBA,25.02,17.02,-2,0.24,2.6200,4.7200,4.1700,1.5300
$50 NBA Daily 8/11,2020-08-11T21:36:48.983680,estk_a2d988bbeba479fb742e21c662c0c7b4,evt_a2d988bbeba479fb,Kyle Anderson,NBA,16.87,15.57,2.75,0.24,2.2900,4.1600,4.1200,1.3400
$50 NBA Daily 8/11,2020-08-11T21:36:48.983687,estk_a2d988bbeba479fbdf5b076d451d97be,evt_a2d988bbeba479fb,De'Anthony Melton,NBA,15.88,16.57,4.5,0.24,1.8800,3.4900,3.3700,
$50 NBA Daily 8/11,2020-08-11T21:36:48.983691,estk_a2d988bbeba479fb41d6aa90727d2144,evt_a2d988bbeba479fb,Brad Wanamaker,NBA,13.98,12.12,1.5,0.24,1.7400,3.6300,3.1300,
$50 NBA Daily 8/11,2020-08-11T21:36:48.983695,estk_a2d988bbeba479fb2d6f8355da37442f,evt_a2d988bbeba479fb,Enes Kanter,NBA,6.95,10.78,5.5,0.24,1.4100,2.9000,2.8300,
$50 NBA Daily 8/11,2020-08-11T21:37:50.263592,estk_a2d988bbeba479fbda4bddbbc347c31f,evt_a2d988bbeba479fb,Jayson Tatum,NBA,37.16,36.62,8.75,0.25,10.3000,10.4700,12.0800,8.7400
$50 NBA Daily 8/11,2020-08-11T21:37:50.263598,estk_a2d988bbeba479fb4e6934614546f665,evt_a2d988bbeba479fb,Ja Morant,NBA,28.79,35.34,13.75,0.25,8.8600,6.4200,10.5400,7.5200
$50 NBA Daily 8/11,2020-08-11T21:37:50.263602,estk_a2d988bbeba479fb8d1c1ad7764c997b,evt_a2d988bbeba479fb,Jonas Valanciunas,NBA,29.59,31.44,9.25,0.25,8.3500,6.7800,10.0200,7.1700
$50 NBA Daily 8/11,2020-08-11T21:37:50.263607,estk_a2d988bbeba479fb4b8c495d9fa8db90,evt_a2d988bbeba479fb,Jaylen Brown,NBA,32.13,31.1,7,0.25,8.1300,7.9400,9.3800,6.2500
$50 NBA Daily 8/11,2020-08-11T21:37:50.263611,estk_a2d988bbeba479fba9edb859d18234d0,evt_a2d988bbeba479fb,Kemba Walker,NBA,31.69,30.52,6.75,0.25,7.8400,7.7000,,6.5700
$50 NBA Daily 8/11,2020-08-11T21:37:50.263619,estk_a2d988bbeba479fbf7c5bbc448149f99,evt_a2d988bbeba479fb,Gordon Hayward,NBA,34.38,29.04,3.25,0.25,7.0000,9.0600,8.6400,6.0000
$50 NBA Daily 8/11,2020-08-11T21:37:50.263653,estk_a2d988bbeba479fb049fe8ca7bf97ec4,evt_a2d988bbeba479fb,Marcus Smart,NBA,25.68,26.76,7.5,0.25,5.2300,5.2600,6.7900,3.9100
$50 NBA Daily 8/11,2020-08-11T21:37:50.263667,estk_a2d988bbeba479fb201a5680f9441b5c,evt_a2d988bbeba479fb,Daniel Theis,NBA,23.44,22.58,5,0.25,4.1600,6.4800,5.9500,3.3000
$50 NBA Daily 8/11,2020-08-11T21:37:50.263678,estk_a2d988bbeba479fbd6171dfea381a48f,evt_a2d988bbeba479fb,Brandon Clarke,NBA,25.64,22.23,3,0.25,3.4200,5.7600,4.9900,2.6000
$50 NBA Daily 8/11,2020-08-11T21:37:50.263707,estk_a2d988bbeba479fbaf7276ad9c2ac994,evt_a2d988bbeba479fb,Dillon Brooks,NBA,25.02,16.77,-2,0.25,2.5200,4.7200,4.1700,1.5300
$50 NBA Daily 8/11,2020-08-11T21:37:50.263711,estk_a2d988bbeba479fb3ca2dc749cee3306,evt_a2d988bbeba479fb,Grayson Allen,NBA,17.43,18.57,5.5,0.25,2.4700,4.4300,4.0200,1.4100
$50 NBA Daily 8/11,2020-08-11T21:37:50.263714,estk_a2d988bbeba479fbdf5b076d451d97be,evt_a2d988bbeba479fb,De'Anthony Melton,NBA,15.88,16.41,4.5,0.25,2.4400,3.4900,3.4900,
$50 NBA Daily 8/11,2020-08-11T21:37:50.263718,estk_a2d988bbeba479fb742e21c662c0c7b4,evt_a2d988bbeba479fb,Kyle Anderson,NBA,16.87,15.4,2.75,0.25,2.2300,4.1600,4.1200,1.3400
$50 NBA Daily 8/11,2020-08-11T21:37:50.263725,estk_a2d988bbeba479fb41d6aa90727d2144,evt_a2d988bbeba479fb,Brad Wanamaker,NBA,13.98,11.98,1.5,0.25,1.7100,3.6300,3.1300,
$50 NBA Daily 8/11,2020-08-11T21:37:50.263729,estk_a2d988bbeba479fb2d6f8355da37442f,evt_a2d988bbeba479fb,Enes Kanter,NBA,6.95,12.71,7.5,0.25,1.5500,2.9000,2.8300,
$50 NBA Daily 8/11,2020-08-11T21:42:56.375452,estk_a2d988bbeba479fbda4bddbbc347c31f,evt_a2d988bbeba479fb,Jayson Tatum,NBA,37.16,40.51,13.75,0.28,11.1500,10.4700,12.8200,8.7400
$50 NBA Daily 8/11,2020-08-11T21:42:56.375463,estk_a2d988bbeba479fb4e6934614546f665,evt_a2d988bbeba479fb,Ja Morant,NBA,28.79,34.48,13.75,0.28,10.3400,6.4200,12.0200,8.6400
$50 NBA Daily 8/11,2020-08-11T21:42:56.375469,estk_a2d988bbeba479fb8d1c1ad7764c997b,evt_a2d988bbeba479fb,Jonas Valanciunas,NBA,29.59,31.3,10,0.28,7.9900,6.7800,9.6600,6.3700
$50 NBA Daily 8/11,2020-08-11T21:42:56.375473,estk_a2d988bbeba479fb4b8c495d9fa8db90,evt_a2d988bbeba479fb,Jaylen Brown,NBA,32.13,30.13,7,0.28,7.8100,7.9400,9.3800,6.2500
$50 NBA Daily 8/11,2020-08-11T21:42:56.375478,estk_a2d988bbeba479fba9edb859d18234d0,evt_a2d988bbeba479fb,Kemba Walker,NBA,31.69,29.57,6.75,0.28,7.4900,7.7000,9.1300,6.1800
$50 NBA Daily 8/11,2020-08-11T21:42:56.375488,estk_a2d988bbeba479fbf7c5bbc448149f99,evt_a2d988bbeba479fb,Gordon Hayward,NBA,34.38,28,3.25,0.28,6.7000,9.0600,8.4200,5.1400
$50 NBA Daily 8/11,2020-08-11T21:42:56.375501,estk_a2d988bbeba479fb049fe8ca7bf97ec4,evt_a2d988bbeba479fb,Marcus Smart,NBA,25.68,26.74,8.25,0.28,5.7000,6.7900,7.2600,4.0400
$50 NBA Daily 8/11,2020-08-11T21:42:56.375546,estk_a2d988bbeba479fb201a5680f9441b5c,evt_a2d988bbeba479fb,Daniel Theis,NBA,23.44,21.88,5,0.28,3.9900,6.4800,5.5800,2.8500
$50 NBA Daily 8/11,2020-08-11T21:42:56.375554,estk_a2d988bbeba479fbd6171dfea381a48f,evt_a2d988bbeba479fb,Brandon Clarke,NBA,25.64,21.46,3,0.28,3.8700,5.7600,5.2100,2.6000
$50 NBA Daily 8/11,2020-08-11T21:42:56.375579,estk_a2d988bbeba479fb3ca2dc749cee3306,evt_a2d988bbeba479fb,Grayson Allen,NBA,17.43,18.3,5.75,0.28,2.8200,4.0200,4.0200,1.4100
$50 NBA Daily 8/11,2020-08-11T21:42:56.375591,estk_a2d988bbeba479fbaf7276ad9c2ac994,evt_a2d988bbeba479fb,Dillon Brooks,NBA,25.02,16.01,-2,0.28,2.4100,3.9500,3.9500,1.5300
$50 NBA Daily 8/11,2020-08-11T21:42:56.375596,estk_a2d988bbeba479fbdf5b076d451d97be,evt_a2d988bbeba479fb,De'Anthony Melton,NBA,15.88,15.43,4,0.28,2.3300,3.4900,3.4900,
$50 NBA Daily 8/11,2020-08-11T21:42:56.375599,estk_a2d988bbeba479fb742e21c662c0c7b4,evt_a2d988bbeba479fb,Kyle Anderson,NBA,16.87,16.15,4,0.28,2.1500,4.1600,3.6800,1.3400
$50 NBA Daily 8/11,2020-08-11T21:42:56.375608,estk_a2d988bbeba479fb2d6f8355da37442f,evt_a2d988bbeba479fb,Enes Kanter,NBA,6.95,12.5,7.5,0.28,1.7400,2.8300,2.9100,
$50 NBA Daily 8/11,2020-08-11T21:42:56.375612,estk_a2d988bbeba479fb41d6aa90727d2144,evt_a2d988bbeba479fb,Brad Wanamaker,NBA,13.98,13.07,3,0.28,1.6500,3.6300,3.1300,
$50 NBA Daily 8/11,2020-08-11T21:47:01.599493,estk_a2d988bbeba479fbda4bddbbc347c31f,evt_a2d988bbeba479fb,Jayson Tatum,NBA,37.16,40.13,13.75,0.29,13.6300,10.4700,15.4300,11.8900
$50 NBA Daily 8/11,2020-08-11T21:47:01.599504,estk_a2d988bbeba479fb4e6934614546f665,evt_a2d988bbeba479fb,Ja Morant,NBA,28.79,34.19,13.75,0.29,9.7600,6.4200,11.4300,8.6400
$50 NBA Daily 8/11,2020-08-11T21:47:01.599509,estk_a2d988bbeba479fb8d1c1ad7764c997b,evt_a2d988bbeba479fb,Jonas Valanciunas,NBA,29.59,31.01,10,0.29,7.9100,9.6600,9.6400,6.3700
$50 NBA Daily 8/11,2020-08-11T21:47:01.599517,estk_a2d988bbeba479fb4b8c495d9fa8db90,evt_a2d988bbeba479fb,Jaylen Brown,NBA,32.13,29.81,7,0.29,7.2600,8.8700,8.8700,6.2500
$50 NBA Daily 8/11,2020-08-11T21:47:01.599522,estk_a2d988bbeba479fba9edb859d18234d0,evt_a2d988bbeba479fb,Kemba Walker,NBA,31.69,29.25,6.75,0.29,7.0400,8.5800,8.5800,5.9100
$50 NBA Daily 8/11,2020-08-11T21:47:01.599529,estk_a2d988bbeba479fbf7c5bbc448149f99,evt_a2d988bbeba479fb,Gordon Hayward,NBA,34.38,27.66,3.25,0.29,6.2600,9.0600,7.8300,5.0900
$50 NBA Daily 8/11,2020-08-11T21:47:01.599542,estk_a2d988bbeba479fb049fe8ca7bf97ec4,evt_a2d988bbeba479fb,Marcus Smart,NBA,25.68,26.48,8.25,0.29,5.5700,7.2600,7.2700,4.0500
$50 NBA Daily 8/11,2020-08-11T21:47:01.599582,estk_a2d988bbeba479fb201a5680f9441b5c,evt_a2d988bbeba479fb,Daniel Theis,NBA,23.44,21.64,5,0.29,3.7700,5.2900,5.2900,2.8500
$50 NBA Daily 8/11,2020-08-11T21:47:01.599585,estk_a2d988bbeba479fbd6171dfea381a48f,evt_a2d988bbeba479fb,Brandon Clarke,NBA,25.64,21.2,3,0.29,3.6100,5.2100,5.1600,2.6000
$50 NBA Daily 8/11,2020-08-11T21:47:01.599607,estk_a2d988bbeba479fb3ca2dc749cee3306,evt_a2d988bbeba479fb,Grayson Allen,NBA,17.43,20.13,7.75,0.29,2.7400,4.0200,4.0200,1.4100
$50 NBA Daily 8/11,2020-08-11T21:47:01.599618,estk_a2d988bbeba479fb742e21c662c0c7b4,evt_a2d988bbeba479fb,Kyle Anderson,NBA,16.87,15.98,4,0.29,2.2800,4.1600,3.6800,1.3400
$50 NBA Daily 8/11,2020-08-11T21:47:01.599622,estk_a2d988bbeba479fbaf7276ad9c2ac994,evt_a2d988bbeba479fb,Dillon Brooks,NBA,25.02,15.26,-2.5,0.29,2.2300,3.7700,3.7700,1.2100
$50 NBA Daily 8/11,2020-08-11T21:47:01.599626,estk_a2d988bbeba479fbdf5b076d451d97be,evt_a2d988bbeba479fb,De'Anthony Melton,NBA,15.88,13.27,2,0.29,2.1300,3.4900,3.4900,
$50 NBA Daily 8/11,2020-08-11T21:47:01.599634,estk_a2d988bbeba479fb41d6aa90727d2144,evt_a2d988bbeba479fb,Brad Wanamaker,NBA,13.98,14.18,4.25,0.29,1.7400,3.6300,3.1300,
$50 NBA Daily 8/11,2020-08-11T21:47:01.599638,estk_a2d988bbeba479fb2d6f8355da37442f,evt_a2d988bbeba479fb,Enes Kanter,NBA,6.95,12.43,7.5,0.29,1.6900,2.8300,2.9100,
$50 NBA Daily 8/11,2020-08-11T21:51:06.527753,estk_a2d988bbeba479fbda4bddbbc347c31f,evt_a2d988bbeba479fb,Jayson Tatum,NBA,37.16,42.39,16.75,0.31,14.8500,10.4700,15.4300,11.8900
$50 NBA Daily 8/11,2020-08-11T21:51:06.527763,estk_a2d988bbeba479fb4e6934614546f665,evt_a2d988bbeba479fb,Ja Morant,NBA,28.79,33.62,13.75,0.31,9.2400,6.4200,11.4300,8.6400
$50 NBA Daily 8/11,2020-08-11T21:51:06.527768,estk_a2d988bbeba479fb4b8c495d9fa8db90,evt_a2d988bbeba479fb,Jaylen Brown,NBA,32.13,31.92,9.75,0.31,8.2300,8.8700,8.8700,6.2500
$50 NBA Daily 8/11,2020-08-11T21:51:06.527772,estk_a2d988bbeba479fb8d1c1ad7764c997b,evt_a2d988bbeba479fb,Jonas Valanciunas,NBA,29.59,31.67,11.25,0.31,8.1400,9.6600,9.5200,6.3700
$50 NBA Daily 8/11,2020-08-11T21:51:06.527780,estk_a2d988bbeba479fba9edb859d18234d0,evt_a2d988bbeba479fb,Kemba Walker,NBA,31.69,28.62,6.75,0.31,6.5200,8.5800,8.5800,5.9100
$50 NBA Daily 8/11,2020-08-11T21:51:06.527792,estk_a2d988bbeba479fbf7c5bbc448149f99,evt_a2d988bbeba479fb,Gordon Hayward,NBA,34.38,26.97,3.25,0.31,5.7600,9.0600,7.8300,4.6300
$50 NBA Daily 8/11,2020-08-11T21:51:06.527811,estk_a2d988bbeba479fb049fe8ca7bf97ec4,evt_a2d988bbeba479fb,Marcus Smart,NBA,25.68,25.97,8.25,0.31,5.2700,7.2600,7.2700,4.0500
$50 NBA Daily 8/11,2020-08-11T21:51:06.527840,estk_a2d988bbeba479fb201a5680f9441b5c,evt_a2d988bbeba479fb,Daniel Theis,NBA,23.44,21.17,5,0.31,3.4800,5.2900,5.2200,2.5800
$50 NBA Daily 8/11,2020-08-11T21:51:06.527848,estk_a2d988bbeba479fbd6171dfea381a48f,evt_a2d988bbeba479fb,Brandon Clarke,NBA,25.64,20.69,3,0.31,3.3200,5.2100,5.1600,2.6000
$50 NBA Daily 8/11,2020-08-11T21:51:06.527866,estk_a2d988bbeba479fb3ca2dc749cee3306,evt_a2d988bbeba479fb,Grayson Allen,NBA,17.43,19.28,7.25,0.31,2.9500,4.0200,4.3600,1.4100
$50 NBA Daily 8/11,2020-08-11T21:51:06.527877,estk_a2d988bbeba479fb742e21c662c0c7b4,evt_a2d988bbeba479fb,Kyle Anderson,NBA,16.87,15.64,4,0.31,2.1400,4.1600,3.6800,1.3400
$50 NBA Daily 8/11,2020-08-11T21:51:06.527881,estk_a2d988bbeba479fb41d6aa90727d2144,evt_a2d988bbeba479fb,Brad Wanamaker,NBA,13.98,14.9,5.25,0.31,2.0000,3.6300,3.1300,
$50 NBA Daily 8/11,2020-08-11T21:51:06.527884,estk_a2d988bbeba479fbaf7276ad9c2ac994,evt_a2d988bbeba479fb,Dillon Brooks,NBA,25.02,14.76,-2.5,0.31,1.9900,3.7700,3.6100,1.2100
$50 NBA Daily 8/11,2020-08-11T21:51:06.527892,estk_a2d988bbeba479fbdf5b076d451d97be,evt_a2d988bbeba479fb,De'Anthony Melton,NBA,15.88,12.96,2,0.31,1.7300,3.4900,3.3000,
$50 NBA Daily 8/11,2020-08-11T21:51:06.527896,estk_a2d988bbeba479fb2d6f8355da37442f,evt_a2d988bbeba479fb,Enes Kanter,NBA,6.95,12.3,7.5,0.31,1.6300,2.8300,2.9100,
$50 NBA Daily 8/11,2020-08-11T21:55:11.050579,estk_a2d988bbeba479fbda4bddbbc347c31f,evt_a2d988bbeba479fb,Jayson Tatum,NBA,37.16,43.15,18.25,0.33,14.9500,10.4700,16.6500,13.1300
$50 NBA Daily 8/11,2020-08-11T21:55:11.050590,estk_a2d988bbeba479fb4e6934614546f665,evt_a2d988bbeba479fb,Ja Morant,NBA,28.79,35.79,16.5,0.33,9.1700,10.9100,10.9100,7.5700
$50 NBA Daily 8/11,2020-08-11T21:55:11.050595,estk_a2d988bbeba479fb4b8c495d9fa8db90,evt_a2d988bbeba479fb,Jaylen Brown,NBA,32.13,30.78,9.25,0.33,8.1900,8.8700,9.8700,6.6400
$50 NBA Daily 8/11,2020-08-11T21:55:11.050599,estk_a2d988bbeba479fb8d1c1ad7764c997b,evt_a2d988bbeba479fb,Jonas Valanciunas,NBA,29.59,33.08,13.25,0.33,8.1000,9.5200,9.5200,6.4800
$50 NBA Daily 8/11,2020-08-11T21:55:11.050608,estk_a2d988bbeba479fba9edb859d18234d0,evt_a2d988bbeba479fb,Kemba Walker,NBA,31.69,27.98,6.75,0.33,6.5400,8.5800,8.1000,4.8600
$50 NBA Daily 8/11,2020-08-11T21:55:11.050619,estk_a2d988bbeba479fbf7c5bbc448149f99,evt_a2d988bbeba479fb,Gordon Hayward,NBA,34.38,26.28,3.25,0.33,5.7400,7.2900,7.2900,4.6300
$50 NBA Daily 8/11,2020-08-11T21:55:11.050634,estk_a2d988bbeba479fb049fe8ca7bf97ec4,evt_a2d988bbeba479fb,Marcus Smart,NBA,25.68,27.46,10.25,0.33,5.3200,6.8900,6.8400,4.0500
$50 NBA Daily 8/11,2020-08-11T21:55:11.050667,estk_a2d988bbeba479fb201a5680f9441b5c,evt_a2d988bbeba479fb,Daniel Theis,NBA,23.44,20.7,5,0.33,3.5000,5.0600,5.0600,2.5800
$50 NBA Daily 8/11,2020-08-11T21:55:11.050674,estk_a2d988bbeba479fbd6171dfea381a48f,evt_a2d988bbeba479fb,Brandon Clarke,NBA,25.64,20.18,3,0.33,3.3300,4.9200,4.9100,2.3500
$50 NBA Daily 8/11,2020-08-11T21:55:11.050689,estk_a2d988bbeba479fb3ca2dc749cee3306,evt_a2d988bbeba479fb,Grayson Allen,NBA,17.43,18.93,7.25,0.33,2.9900,4.3600,4.3600,1.4100
$50 NBA Daily 8/11,2020-08-11T21:55:11.050704,estk_a2d988bbeba479fb742e21c662c0c7b4,evt_a2d988bbeba479fb,Kyle Anderson,NBA,16.87,15.3,4,0.33,2.1600,3.6800,3.6800,1.3400
$50 NBA Daily 8/11,2020-08-11T21:55:11.050708,estk_a2d988bbeba479fb41d6aa90727d2144,evt_a2d988bbeba479fb,Brad Wanamaker,NBA,13.98,14.62,5.25,0.33,2.0100,3.6300,3.1300,
$50 NBA Daily 8/11,2020-08-11T21:55:11.050711,estk_a2d988bbeba479fbaf7276ad9c2ac994,evt_a2d988bbeba479fb,Dillon Brooks,NBA,25.02,16.26,-0.5,0.33,2.0000,3.6100,3.5300,1.1800
$50 NBA Daily 8/11,2020-08-11T21:55:11.050719,estk_a2d988bbeba479fbdf5b076d451d97be,evt_a2d988bbeba479fb,De'Anthony Melton,NBA,15.88,12.64,2,0.33,1.7400,3.2400,3.2400,
$50 NBA Daily 8/11,2020-08-11T21:55:11.050723,estk_a2d988bbeba479fb2d6f8355da37442f,evt_a2d988bbeba479fb,Enes Kanter,NBA,6.95,12.16,7.5,0.33,1.6400,2.8300,2.9100,
$50 NBA Daily 8/11,2020-08-11T21:56:12.424972,estk_a2d988bbeba479fbda4bddbbc347c31f,evt_a2d988bbeba479fb,Jayson Tatum,NBA,37.16,42.78,18.25,0.34,15.1000,10.4700,16.6500,13.3000
$50 NBA Daily 8/11,2020-08-11T21:56:12.424982,estk_a2d988bbeba479fb4e6934614546f665,evt_a2d988bbeba479fb,Ja Morant,NBA,28.79,35,16,0.34,9.9300,10.9100,,8.2300
$50 NBA Daily 8/11,2020-08-11T21:56:12.424987,estk_a2d988bbeba479fb4b8c495d9fa8db90,evt_a2d988bbeba479fb,Jaylen Brown,NBA,32.13,33.96,12.75,0.34,9.2900,8.8700,10.9800,
$50 NBA Daily 8/11,2020-08-11T21:56:12.424991,estk_a2d988bbeba479fb8d1c1ad7764c997b,evt_a2d988bbeba479fb,Jonas Valanciunas,NBA,29.59,32.78,13.25,0.34,8.5600,9.5200,9.6900,6.8900
$50 NBA Daily 8/11,2020-08-11T21:56:12.425003,estk_a2d988bbeba479fba9edb859d18234d0,evt_a2d988bbeba479fb,Kemba Walker,NBA,31.69,27.67,6.75,0.34,5.9400,8.1000,8.1200,4.8600
$50 NBA Daily 8/11,2020-08-11T21:56:12.425010,estk_a2d988bbeba479fb049fe8ca7bf97ec4,evt_a2d988bbeba479fb,Marcus Smart,NBA,25.68,27.2,10.25,0.34,5.6600,6.8900,6.8400,4.0500
$50 NBA Daily 8/11,2020-08-11T21:56:12.425029,estk_a2d988bbeba479fbf7c5bbc448149f99,evt_a2d988bbeba479fb,Gordon Hayward,NBA,34.38,25.94,3.25,0.34,5.1800,7.2900,6.7800,4.0900
$50 NBA Daily 8/11,2020-08-11T21:56:12.425065,estk_a2d988bbeba479fb201a5680f9441b5c,evt_a2d988bbeba479fb,Daniel Theis,NBA,23.44,20.47,5,0.34,3.1900,5.0600,4.7500,2.5800
$50 NBA Daily 8/11,2020-08-11T21:56:12.425072,estk_a2d988bbeba479fbd6171dfea381a48f,evt_a2d988bbeba479fb,Brandon Clarke,NBA,25.64,19.92,3,0.34,3.0700,4.9200,4.6300,2.0200
$50 NBA Daily 8/11,2020-08-11T21:56:12.425084,estk_a2d988bbeba479fb3ca2dc749cee3306,evt_a2d988bbeba479fb,Grayson Allen,NBA,17.43,18.75,7.25,0.34,2.7300,4.3600,4.3600,1.4100
$50 NBA Daily 8/11,2020-08-11T21:56:12.425091,estk_a2d988bbeba479fb41d6aa90727d2144,evt_a2d988bbeba479fb,Brad Wanamaker,NBA,13.98,17.98,8.75,0.34,2.5600,3.6300,3.1300,1.0100
$50 NBA Daily 8/11,2020-08-11T21:56:12.425098,estk_a2d988bbeba479fbaf7276ad9c2ac994,evt_a2d988bbeba479fb,Dillon Brooks,NBA,25.02,16.01,-0.5,0.34,2.1400,3.6100,3.5300,1.1800
$50 NBA Daily 8/11,2020-08-11T21:56:12.425102,estk_a2d988bbeba479fb742e21c662c0c7b4,evt_a2d988bbeba479fb,Kyle Anderson,NBA,16.87,15.13,4,0.34,1.9800,3.6800,3.6800,1.2900
$50 NBA Daily 8/11,2020-08-11T21:56:12.425110,estk_a2d988bbeba479fbdf5b076d451d97be,evt_a2d988bbeba479fb,De'Anthony Melton,NBA,15.88,12.48,2,0.34,1.6200,3.2400,3.2400,
$50 NBA Daily 8/11,2020-08-11T21:56:12.425113,estk_a2d988bbeba479fb2d6f8355da37442f,evt_a2d988bbeba479fb,Enes Kanter,NBA,6.95,12.09,7.5,0.34,1.5700,2.8300,2.9100,
$50 NBA Daily 8/11,2020-08-11T21:57:13.437031,estk_a2d988bbeba479fbda4bddbbc347c31f,evt_a2d988bbeba479fb,Jayson Tatum,NBA,37.16,43.65,19.5,0.35,15.6500,10.4700,16.6500,13.3000
$50 NBA Daily 8/11,2020-08-11T21:57:13.437041,estk_a2d988bbeba479fb4e6934614546f665,evt_a2d988bbeba479fb,Ja Morant,NBA,28.79,34.71,16,0.35,9.7500,10.9100,11.6300,8.2300
$50 NBA Daily 8/11,2020-08-11T21:57:13.437046,estk_a2d988bbeba479fb4b8c495d9fa8db90,evt_a2d988bbeba479fb,Jaylen Brown,NBA,32.13,33.63,12.75,0.35,9.0700,8.8700,10.9800,7.6400
$50 NBA Daily 8/11,2020-08-11T21:57:13.437050,estk_a2d988bbeba479fb8d1c1ad7764c997b,evt_a2d988bbeba479fb,Jonas Valanciunas,NBA,29.59,32.48,13.25,0.35,8.4900,9.5200,9.8000,6.8900
$50 NBA Daily 8/11,2020-08-11T21:57:13.437062,estk_a2d988bbeba479fba9edb859d18234d0,evt_a2d988bbeba479fb,Kemba Walker,NBA,31.69,27.35,6.75,0.35,5.8300,8.1000,7.5600,4.8600
$50 NBA Daily 8/11,2020-08-11T21:57:13.437070,estk_a2d988bbeba479fb049fe8ca7bf97ec4,evt_a2d988bbeba479fb,Marcus Smart,NBA,25.68,26.94,10.25,0.35,5.6100,6.8900,6.8400,4.0500
$50 NBA Daily 8/11,2020-08-11T21:57:13.437096,estk_a2d988bbeba479fbf7c5bbc448149f99,evt_a2d988bbeba479fb,Gordon Hayward,NBA,34.38,25.6,3.25,0.35,5.0500,7.2900,6.7500,4.0900
$50 NBA Daily 8/11,2020-08-11T21:57:13.437129,estk_a2d988bbeba479fb201a5680f9441b5c,evt_a2d988bbeba479fb,Daniel Theis,NBA,23.44,20.24,5,0.35,3.1400,4.7500,4.7500,1.9300
$50 NBA Daily 8/11,2020-08-11T21:57:13.437136,estk_a2d988bbeba479fbd6171dfea381a48f,evt_a2d988bbeba479fb,Brandon Clarke,NBA,25.64,19.67,3,0.35,2.9900,4.9200,4.6100,2.0200
$50 NBA Daily 8/11,2020-08-11T21:57:13.437144,estk_a2d988bbeba479fb3ca2dc749cee3306,evt_a2d988bbeba479fb,Grayson Allen,NBA,17.43,18.58,7.25,0.35,2.6800,4.3600,4.3600,1.4100
$50 NBA Daily 8/11,2020-08-11T21:57:13.437155,estk_a2d988bbeba479fb41d6aa90727d2144,evt_a2d988bbeba479fb,Brad Wanamaker,NBA,13.98,17.84,8.75,0.35,2.5100,3.6300,3.6300,1.0100
$50 NBA Daily 8/11,2020-08-11T21:57:13.437158,estk_a2d988bbeba479fbaf7276ad9c2ac994,evt_a2d988bbeba479fb,Dillon Brooks,NBA,25.02,15.76,-0.5,0.35,2.1100,3.6100,3.5300,1.1800
$50 NBA Daily 8/11,2020-08-11T21:57:13.437166,estk_a2d988bbeba479fb742e21c662c0c7b4,evt_a2d988bbeba479fb,Kyle Anderson,NBA,16.87,14.47,3.5,0.35,1.8800,3.5400,3.5400,1.0600
$50 NBA Daily 8/11,2020-08-11T21:57:13.437170,estk_a2d988bbeba479fbdf5b076d451d97be,evt_a2d988bbeba479fb,De'Anthony Melton,NBA,15.88,12.32,2,0.35,1.5900,3.2400,3.1600,
$50 NBA Daily 8/11,2020-08-11T21:57:13.437173,estk_a2d988bbeba479fb2d6f8355da37442f,evt_a2d988bbeba479fb,Enes Kanter,NBA,6.95,12.02,7.5,0.35,1.5800,2.9100,2.9100,
$50 NBA Daily 8/11,2020-08-11T21:59:15.830649,estk_a2d988bbeba479fbda4bddbbc347c31f,evt_a2d988bbeba479fb,Jayson Tatum,NBA,37.16,44.91,21.5,0.37,16.4100,10.4700,17.4600,14.5800
$50 NBA Daily 8/11,2020-08-11T21:59:15.830660,estk_a2d988bbeba479fb4e6934614546f665,evt_a2d988bbeba479fb,Ja Morant,NBA,28.79,34.14,16,0.37,9.3700,10.9100,11.6300,8.2300
$50 NBA Daily 8/11,2020-08-11T21:59:15.830664,estk_a2d988bbeba479fb4b8c495d9fa8db90,evt_a2d988bbeba479fb,Jaylen Brown,NBA,32.13,32.99,12.75,0.37,8.6600,8.8700,10.9800,7.6400
$50 NBA Daily 8/11,2020-08-11T21:59:15.830669,estk_a2d988bbeba479fb8d1c1ad7764c997b,evt_a2d988bbeba479fb,Jonas Valanciunas,NBA,29.59,32.89,14.25,0.37,8.6100,9.5200,9.8000,6.8900
$50 NBA Daily 8/11,2020-08-11T21:59:15.830681,estk_a2d988bbeba479fba9edb859d18234d0,evt_a2d988bbeba479fb,Kemba Walker,NBA,31.69,28.21,8.25,0.37,6.1800,8.1000,7.5600,4.8600
$50 NBA Daily 8/11,2020-08-11T21:59:15.830700,estk_a2d988bbeba479fb049fe8ca7bf97ec4,evt_a2d988bbeba479fb,Marcus Smart,NBA,25.68,26.43,10.25,0.37,5.3500,6.8900,6.8400,4.0500
$50 NBA Daily 8/11,2020-08-11T21:59:15.830721,estk_a2d988bbeba479fbf7c5bbc448149f99,evt_a2d988bbeba479fb,Gordon Hayward,NBA,34.38,24.91,3.25,0.37,4.7000,7.2900,6.7500,4.0900
$50 NBA Daily 8/11,2020-08-11T21:59:15.830739,estk_a2d988bbeba479fbd6171dfea381a48f,evt_a2d988bbeba479fb,Brandon Clarke,NBA,25.64,21.15,5,0.37,3.3600,4.9200,4.6100,2.0200
$50 NBA Daily 8/11,2020-08-11T21:59:15.830754,estk_a2d988bbeba479fb201a5680f9441b5c,evt_a2d988bbeba479fb,Daniel Theis,NBA,23.44,19.77,5,0.37,3.0000,4.7500,4.7500,1.9300
$50 NBA Daily 8/11,2020-08-11T21:59:15.830761,estk_a2d988bbeba479fb41d6aa90727d2144,evt_a2d988bbeba479fb,Brad Wanamaker,NBA,13.98,19.56,10.75,0.37,2.8900,3.6300,3.6300,1.0100
$50 NBA Daily 8/11,2020-08-11T21:59:15.830772,estk_a2d988bbeba479fb3ca2dc749cee3306,evt_a2d988bbeba479fb,Grayson Allen,NBA,17.43,18.23,7.25,0.37,2.5700,4.3600,4.2300,1.4100
$50 NBA Daily 8/11,2020-08-11T21:59:15.830776,estk_a2d988bbeba479fbaf7276ad9c2ac994,evt_a2d988bbeba479fb,Dillon Brooks,NBA,25.02,16.76,1,0.37,2.2700,3.6100,3.5300,1.1800
$50 NBA Daily 8/11,2020-08-11T21:59:15.830784,estk_a2d988bbeba479fb742e21c662c0c7b4,evt_a2d988bbeba479fb,Kyle Anderson,NBA,16.87,14.13,3.5,0.37,1.8000,3.5400,3.5400,1.0600
$50 NBA Daily 8/11,2020-08-11T21:59:15.830788,estk_a2d988bbeba479fbdf5b076d451d97be,evt_a2d988bbeba479fb,De'Anthony Melton,NBA,15.88,12,2,0.37,1.5400,3.2400,3.1600,
$50 NBA Daily 8/11,2020-08-11T21:59:15.830791,estk_a2d988bbeba479fb2d6f8355da37442f,evt_a2d988bbeba479fb,Enes Kanter,NBA,6.95,11.88,7.5,0.37,1.5200,2.9100,2.9100,
$50 NBA Daily 8/11,2020-08-11T22:03:21.455411,estk_a2d988bbeba479fbda4bddbbc347c31f,evt_a2d988bbeba479fb,Jayson Tatum,NBA,37.16,45.3,23,0.4,16.6200,10.4700,18.2400,14.5800
$50 NBA Daily 8/11,2020-08-11T22:03:21.455418,estk_a2d988bbeba479fb4e6934614546f665,evt_a2d988bbeba479fb,Ja Morant,NBA,28.79,38.52,21.25,0.4,11.9700,10.9100,11.0600,10.2300
$50 NBA Daily 8/11,2020-08-11T22:03:21.455426,estk_a2d988bbeba479fb8d1c1ad7764c997b,evt_a2d988bbeba479fb,Jonas Valanciunas,NBA,29.59,32.75,15,0.4,8.4700,9.5200,10.1400,6.9400
$50 NBA Daily 8/11,2020-08-11T22:03:21.455431,estk_a2d988bbeba479fb4b8c495d9fa8db90,evt_a2d988bbeba479fb,Jaylen Brown,NBA,32.13,31.53,12.25,0.4,7.8000,8.8700,10.3300,7.6400
$50 NBA Daily 8/11,2020-08-11T22:03:21.455446,estk_a2d988bbeba479fba9edb859d18234d0,evt_a2d988bbeba479fb,Kemba Walker,NBA,31.69,27.26,8.25,0.4,5.6400,8.1000,7.5600,4.8600
$50 NBA Daily 8/11,2020-08-11T22:03:21.455473,estk_a2d988bbeba479fb049fe8ca7bf97ec4,evt_a2d988bbeba479fb,Marcus Smart,NBA,25.68,25.66,10.25,0.4,4.9500,6.8900,6.8400,4.0500
$50 NBA Daily 8/11,2020-08-11T22:03:21.455484,estk_a2d988bbeba479fbf7c5bbc448149f99,evt_a2d988bbeba479fb,Gordon Hayward,NBA,34.38,23.88,3.25,0.4,4.2600,7.2900,6.7500,
$50 NBA Daily 8/11,2020-08-11T22:03:21.455491,estk_a2d988bbeba479fbd6171dfea381a48f,evt_a2d988bbeba479fb,Brandon Clarke,NBA,25.64,23.63,8.25,0.4,4.1200,4.9200,4.6100,2.0200
$50 NBA Daily 8/11,2020-08-11T22:03:21.455520,estk_a2d988bbeba479fbaf7276ad9c2ac994,evt_a2d988bbeba479fb,Dillon Brooks,NBA,25.02,19.51,4.5,0.4,2.8400,3.6100,3.6100,1.1800
$50 NBA Daily 8/11,2020-08-11T22:03:21.455524,estk_a2d988bbeba479fb3ca2dc749cee3306,evt_a2d988bbeba479fb,Grayson Allen,NBA,17.43,19.21,8.75,0.4,2.7700,4.3600,4.2300,1.4100
$50 NBA Daily 8/11,2020-08-11T22:03:21.455528,estk_a2d988bbeba479fb41d6aa90727d2144,evt_a2d988bbeba479fb,Brad Wanamaker,NBA,13.98,19.14,10.75,0.4,2.7400,3.6300,4.1100,1.1900
$50 NBA Daily 8/11,2020-08-11T22:03:21.455532,estk_a2d988bbeba479fb201a5680f9441b5c,evt_a2d988bbeba479fb,Daniel Theis,NBA,23.44,19.06,5,0.4,2.7000,4.7500,4.5200,1.9300
$50 NBA Daily 8/11,2020-08-11T22:03:21.455547,estk_a2d988bbeba479fb742e21c662c0c7b4,evt_a2d988bbeba479fb,Kyle Anderson,NBA,16.87,13.62,3.5,0.4,1.7000,3.5400,3.5400,
$50 NBA Daily 8/11,2020-08-11T22:03:21.455551,estk_a2d988bbeba479fbdf5b076d451d97be,evt_a2d988bbeba479fb,De'Anthony Melton,NBA,15.88,11.53,2,0.4,1.4600,3.2400,3.1600,
$50 NBA Daily 8/11,2020-08-11T22:03:21.455554,estk_a2d988bbeba479fb2d6f8355da37442f,evt_a2d988bbeba479fb,Enes Kanter,NBA,6.95,11.67,7.5,0.4,1.4600,2.9100,2.9100,
$50 NBA Daily 8/11,2020-08-11T22:04:53.521249,estk_a2d988bbeba479fbda4bddbbc347c31f,evt_a2d988bbeba479fb,Jayson Tatum,NBA,37.16,44.55,23,0.42,16.5800,10.4700,18.2400,14.7500
$50 NBA Daily 8/11,2020-08-11T22:04:53.521255,estk_a2d988bbeba479fb4e6934614546f665,evt_a2d988bbeba479fb,Ja Morant,NBA,28.79,39.45,22.75,0.42,12.0300,10.9100,13.7100,10.2300
$50 NBA Daily 8/11,2020-08-11T22:04:53.521263,estk_a2d988bbeba479fb8d1c1ad7764c997b,evt_a2d988bbeba479fb,Jonas Valanciunas,NBA,29.59,32.16,15,0.42,8.4600,9.5200,10.1400,6.9400
$50 NBA Daily 8/11,2020-08-11T22:04:53.521268,estk_a2d988bbeba479fb4b8c495d9fa8db90,evt_a2d988bbeba479fb,Jaylen Brown,NBA,32.13,30.89,12.25,0.42,7.7900,8.8700,9.4500,6.1300
$50 NBA Daily 8/11,2020-08-11T22:04:53.521283,estk_a2d988bbeba479fba9edb859d18234d0,evt_a2d988bbeba479fb,Kemba Walker,NBA,31.69,26.63,8.25,0.42,5.6700,8.1000,7.5600,4.5600
$50 NBA Daily 8/11,2020-08-11T22:04:53.521316,estk_a2d988bbeba479fb049fe8ca7bf97ec4,evt_a2d988bbeba479fb,Marcus Smart,NBA,25.68,26.39,11.5,0.42,4.9000,6.8900,6.5000,4.0500
$50 NBA Daily 8/11,2020-08-11T22:04:53.521324,estk_a2d988bbeba479fbf7c5bbc448149f99,evt_a2d988bbeba479fb,Gordon Hayward,NBA,34.38,25.69,5.75,0.42,4.2600,7.2900,5.8500,2.6700
$50 NBA Daily 8/11,2020-08-11T22:04:53.521328,estk_a2d988bbeba479fbd6171dfea381a48f,evt_a2d988bbeba479fb,Brandon Clarke,NBA,25.64,23.12,8.25,0.42,4.1300,4.9200,5.7000,2.6700
$50 NBA Daily 8/11,2020-08-11T22:04:53.521357,estk_a2d988bbeba479fbaf7276ad9c2ac994,evt_a2d988bbeba479fb,Dillon Brooks,NBA,25.02,18.51,4,0.42,2.8500,3.6100,3.9500,1.2900
$50 NBA Daily 8/11,2020-08-11T22:04:53.521361,estk_a2d988bbeba479fb3ca2dc749cee3306,evt_a2d988bbeba479fb,Grayson Allen,NBA,17.43,22.36,12.25,0.42,2.7600,4.3600,4.2300,1.4100
$50 NBA Daily 8/11,2020-08-11T22:04:53.521364,estk_a2d988bbeba479fb41d6aa90727d2144,evt_a2d988bbeba479fb,Brad Wanamaker,NBA,13.98,18.86,10.75,0.42,2.7600,3.6300,4.1100,1.2000
$50 NBA Daily 8/11,2020-08-11T22:04:53.521368,estk_a2d988bbeba479fb201a5680f9441b5c,evt_a2d988bbeba479fb,Daniel Theis,NBA,23.44,20.6,7,0.42,2.7000,4.7500,4.2500,1.6300
$50 NBA Daily 8/11,2020-08-11T22:04:53.521383,estk_a2d988bbeba479fb742e21c662c0c7b4,evt_a2d988bbeba479fb,Kyle Anderson,NBA,16.87,13.28,3.5,0.42,1.7000,3.5400,3.5400,
$50 NBA Daily 8/11,2020-08-11T22:04:53.521387,estk_a2d988bbeba479fbdf5b076d451d97be,evt_a2d988bbeba479fb,De'Anthony Melton,NBA,15.88,11.21,2,0.42,1.4600,3.2400,2.9900,
$50 NBA Daily 8/11,2020-08-11T22:04:53.521391,estk_a2d988bbeba479fb2d6f8355da37442f,evt_a2d988bbeba479fb,Enes Kanter,NBA,6.95,11.53,7.5,0.42,1.4600,2.9100,2.9100,
$50 NBA Daily 8/11,2020-08-11T22:06:25.462493,estk_a2d988bbeba479fbda4bddbbc347c31f,evt_a2d988bbeba479fb,Jayson Tatum,NBA,37.16,44.18,23,0.43,16.0700,10.4700,18.2400,14.7500
$50 NBA Daily 8/11,2020-08-11T22:06:25.462499,estk_a2d988bbeba479fb4e6934614546f665,evt_a2d988bbeba479fb,Ja Morant,NBA,28.79,39.16,22.75,0.43,12.4900,10.9100,13.7100,10.2300
$50 NBA Daily 8/11,2020-08-11T22:06:25.462508,estk_a2d988bbeba479fb8d1c1ad7764c997b,evt_a2d988bbeba479fb,Jonas Valanciunas,NBA,29.59,31.87,15,0.43,7.9600,9.5200,9.6200,6.9400
$50 NBA Daily 8/11,2020-08-11T22:06:25.462512,estk_a2d988bbeba479fb4b8c495d9fa8db90,evt_a2d988bbeba479fb,Jaylen Brown,NBA,32.13,30.56,12.25,0.43,7.2500,8.8700,9.4600,6.1300
$50 NBA Daily 8/11,2020-08-11T22:06:25.462539,estk_a2d988bbeba479fba9edb859d18234d0,evt_a2d988bbeba479fb,Kemba Walker,NBA,31.69,26.31,8.25,0.43,5.1800,8.1000,7.5800,4.0600
$50 NBA Daily 8/11,2020-08-11T22:06:25.462551,estk_a2d988bbeba479fb049fe8ca7bf97ec4,evt_a2d988bbeba479fb,Marcus Smart,NBA,25.68,26.14,11.5,0.43,5.1100,6.8900,6.5000,4.0500
$50 NBA Daily 8/11,2020-08-11T22:06:25.462565,estk_a2d988bbeba479fbf7c5bbc448149f99,evt_a2d988bbeba479fb,Gordon Hayward,NBA,34.38,25.35,5.75,0.43,4.7800,7.2900,5.8500,3.2800
$50 NBA Daily 8/11,2020-08-11T22:06:25.462580,estk_a2d988bbeba479fbd6171dfea381a48f,evt_a2d988bbeba479fb,Brandon Clarke,NBA,25.64,22.86,8.25,0.43,3.7700,4.9200,5.7000,2.6700
$50 NBA Daily 8/11,2020-08-11T22:06:25.462584,estk_a2d988bbeba479fb3ca2dc749cee3306,evt_a2d988bbeba479fb,Grayson Allen,NBA,17.43,22.19,12.25,0.43,3.6000,4.3600,4.3700,1.4100
$50 NBA Daily 8/11,2020-08-11T22:06:25.462598,estk_a2d988bbeba479fb201a5680f9441b5c,evt_a2d988bbeba479fb,Daniel Theis,NBA,23.44,20.36,7,0.43,3.0300,4.7500,4.2500,1.6300
$50 NBA Daily 8/11,2020-08-11T22:06:25.462613,estk_a2d988bbeba479fb41d6aa90727d2144,evt_a2d988bbeba479fb,Brad Wanamaker,NBA,13.98,18.72,10.75,0.43,2.6100,3.6300,4.1100,1.2000
$50 NBA Daily 8/11,2020-08-11T22:06:25.462620,estk_a2d988bbeba479fbaf7276ad9c2ac994,evt_a2d988bbeba479fb,Dillon Brooks,NBA,25.02,18.26,4,0.43,2.4500,3.6100,3.9500,1.2900
$50 NBA Daily 8/11,2020-08-11T22:06:25.462627,estk_a2d988bbeba479fb742e21c662c0c7b4,evt_a2d988bbeba479fb,Kyle Anderson,NBA,16.87,13.12,3.5,0.43,1.5900,3.5400,3.1200,
$50 NBA Daily 8/11,2020-08-11T22:06:25.462631,estk_a2d988bbeba479fb2d6f8355da37442f,evt_a2d988bbeba479fb,Enes Kanter,NBA,6.95,11.46,7.5,0.43,1.4200,2.9100,2.9100,
$50 NBA Daily 8/11,2020-08-11T22:06:25.462635,estk_a2d988bbeba479fbdf5b076d451d97be,evt_a2d988bbeba479fb,De'Anthony Melton,NBA,15.88,11.05,2,0.43,1.3800,3.2400,2.9900,
$50 NBA Daily 8/11,2020-08-11T22:06:56.627008,estk_a2d988bbeba479fbda4bddbbc347c31f,evt_a2d988bbeba479fb,Jayson Tatum,NBA,37.16,43.44,23,0.45,16.0700,10.4700,18.2400,14.7500
$50 NBA Daily 8/11,2020-08-11T22:06:56.627015,estk_a2d988bbeba479fb4e6934614546f665,evt_a2d988bbeba479fb,Ja Morant,NBA,28.79,40.08,24.25,0.45,12.4900,10.9100,13.7700,10.2300
$50 NBA Daily 8/11,2020-08-11T22:06:56.627023,estk_a2d988bbeba479fb8d1c1ad7764c997b,evt_a2d988bbeba479fb,Jonas Valanciunas,NBA,29.59,31.27,15,0.45,7.9600,9.5200,9.6200,6.9400
$50 NBA Daily 8/11,2020-08-11T22:06:56.627028,estk_a2d988bbeba479fb4b8c495d9fa8db90,evt_a2d988bbeba479fb,Jaylen Brown,NBA,32.13,29.92,12.25,0.45,7.2500,8.8700,8.9000,6.1300
$50 NBA Daily 8/11,2020-08-11T22:06:56.627054,estk_a2d988bbeba479fba9edb859d18234d0,evt_a2d988bbeba479fb,Kemba Walker,NBA,31.69,27.68,10.25,0.45,5.1800,8.1000,6.7800,4.0600
$50 NBA Daily 8/11,2020-08-11T22:06:56.627065,estk_a2d988bbeba479fb049fe8ca7bf97ec4,evt_a2d988bbeba479fb,Marcus Smart,NBA,25.68,26.62,12.5,0.45,5.1100,6.8900,6.5000,4.0500
$50 NBA Daily 8/11,2020-08-11T22:06:56.627080,estk_a2d988bbeba479fbf7c5bbc448149f99,evt_a2d988bbeba479fb,Gordon Hayward,NBA,34.38,24.66,5.75,0.45,4.7800,7.2900,6.3800,3.2800
$50 NBA Daily 8/11,2020-08-11T22:06:56.627094,estk_a2d988bbeba479fbd6171dfea381a48f,evt_a2d988bbeba479fb,Brandon Clarke,NBA,25.64,24.35,10.25,0.45,3.7700,4.9200,5.7000,2.6700
$50 NBA Daily 8/11,2020-08-11T22:06:56.627098,estk_a2d988bbeba479fb3ca2dc749cee3306,evt_a2d988bbeba479fb,Grayson Allen,NBA,17.43,21.84,12.25,0.45,3.6000,4.3600,5.1700,1.4100
$50 NBA Daily 8/11,2020-08-11T22:06:56.627112,estk_a2d988bbeba479fb201a5680f9441b5c,evt_a2d988bbeba479fb,Daniel Theis,NBA,23.44,19.89,7,0.45,3.0300,4.7500,4.2500,1.6300
$50 NBA Daily 8/11,2020-08-11T22:06:56.627127,estk_a2d988bbeba479fb41d6aa90727d2144,evt_a2d988bbeba479fb,Brad Wanamaker,NBA,13.98,18.44,10.75,0.45,2.6100,3.6300,4.1100,1.2000
$50 NBA Daily 8/11,2020-08-11T22:06:56.627134,estk_a2d988bbeba479fbaf7276ad9c2ac994,evt_a2d988bbeba479fb,Dillon Brooks,NBA,25.02,19.76,6,0.45,2.4500,3.6100,3.9500,1.2900
$50 NBA Daily 8/11,2020-08-11T22:06:56.627141,estk_a2d988bbeba479fb742e21c662c0c7b4,evt_a2d988bbeba479fb,Kyle Anderson,NBA,16.87,12.78,3.5,0.45,1.5900,3.5400,3.1200,
$50 NBA Daily 8/11,2020-08-11T22:06:56.627145,estk_a2d988bbeba479fb2d6f8355da37442f,evt_a2d988bbeba479fb,Enes Kanter,NBA,6.95,11.32,7.5,0.45,1.4200,2.9100,2.9100,
$50 NBA Daily 8/11,2020-08-11T22:06:56.627149,estk_a2d988bbeba479fbdf5b076d451d97be,evt_a2d988bbeba479fb,De'Anthony Melton,NBA,15.88,10.73,2,0.45,1.3800,3.2400,2.9900,
$50 NBA Daily 8/11,2020-08-11T22:11:01.967067,estk_a2d988bbeba479fbda4bddbbc347c31f,evt_a2d988bbeba479fb,Jayson Tatum,NBA,37.16,41.58,23,0.5,15.5100,10.4700,17.3200,14.3400
$50 NBA Daily 8/11,2020-08-11T22:11:01.967074,estk_a2d988bbeba479fb4e6934614546f665,evt_a2d988bbeba479fb,Ja Morant,NBA,28.79,39.64,25.25,0.5,12.8000,10.9100,14.5200,11.4800
$50 NBA Daily 8/11,2020-08-11T22:11:01.967082,estk_a2d988bbeba479fb8d1c1ad7764c997b,evt_a2d988bbeba479fb,Jonas Valanciunas,NBA,29.59,34.3,19.5,0.5,7.5800,9.3400,9.3400,6.4800
$50 NBA Daily 8/11,2020-08-11T22:11:01.967091,estk_a2d988bbeba479fba9edb859d18234d0,evt_a2d988bbeba479fb,Kemba Walker,NBA,31.69,30.84,15,0.5,7.0600,8.1000,8.7400,5.4700
$50 NBA Daily 8/11,2020-08-11T22:11:01.967095,estk_a2d988bbeba479fb4b8c495d9fa8db90,evt_a2d988bbeba479fb,Jaylen Brown,NBA,32.13,28.32,12.25,0.5,6.8400,8.8700,8.5300,5.7300
$50 NBA Daily 8/11,2020-08-11T22:11:01.967119,estk_a2d988bbeba479fb049fe8ca7bf97ec4,evt_a2d988bbeba479fb,Marcus Smart,NBA,25.68,26.34,13.5,0.5,5.2100,6.8900,6.5000,4.0500
$50 NBA Daily 8/11,2020-08-11T22:11:01.967123,estk_a2d988bbeba479fbf7c5bbc448149f99,evt_a2d988bbeba479fb,Gordon Hayward,NBA,34.38,25.69,8.5,0.5,5.2000,7.2900,6.3800,3.6500
$50 NBA Daily 8/11,2020-08-11T22:11:01.967145,estk_a2d988bbeba479fbd6171dfea381a48f,evt_a2d988bbeba479fb,Brandon Clarke,NBA,25.64,27.57,14.75,0.5,4.3000,4.9200,5.7000,2.6800
$50 NBA Daily 8/11,2020-08-11T22:11:01.967160,estk_a2d988bbeba479fb3ca2dc749cee3306,evt_a2d988bbeba479fb,Grayson Allen,NBA,17.43,19.96,11.25,0.5,3.3600,4.3600,5.1700,1.8400
$50 NBA Daily 8/11,2020-08-11T22:11:01.967182,estk_a2d988bbeba479fb201a5680f9441b5c,evt_a2d988bbeba479fb,Daniel Theis,NBA,23.44,18.72,7,0.5,2.8200,4.7500,4.2500,1.5800
$50 NBA Daily 8/11,2020-08-11T22:11:01.967186,estk_a2d988bbeba479fbaf7276ad9c2ac994,evt_a2d988bbeba479fb,Dillon Brooks,NBA,25.02,17.51,5,0.5,2.7700,4.4000,4.3200,1.2900
$50 NBA Daily 8/11,2020-08-11T22:11:01.967198,estk_a2d988bbeba479fb41d6aa90727d2144,evt_a2d988bbeba479fb,Brad Wanamaker,NBA,13.98,17.74,10.75,0.5,2.4000,3.6300,4.1100,1.2000
$50 NBA Daily 8/11,2020-08-11T22:11:01.967206,estk_a2d988bbeba479fb742e21c662c0c7b4,evt_a2d988bbeba479fb,Kyle Anderson,NBA,16.87,11.94,3.5,0.5,1.5000,3.1200,3.0300,
$50 NBA Daily 8/11,2020-08-11T22:11:01.967210,estk_a2d988bbeba479fb2d6f8355da37442f,evt_a2d988bbeba479fb,Enes Kanter,NBA,6.95,10.97,7.5,0.5,1.3700,2.9100,2.9100,
$50 NBA Daily 8/11,2020-08-11T22:11:01.967214,estk_a2d988bbeba479fbdf5b076d451d97be,evt_a2d988bbeba479fb,De'Anthony Melton,NBA,15.88,9.94,2,0.5,1.3200,2.9900,2.8600,
$50 NBA Daily 8/11,2020-08-11T22:28:23.504753,estk_a2d988bbeba479fbda4bddbbc347c31f,evt_a2d988bbeba479fb,Jayson Tatum,NBA,37.16,41.21,23,0.51,14.0800,10.4700,16.1600,12.5900
$50 NBA Daily 8/11,2020-08-11T22:28:23.504759,estk_a2d988bbeba479fb4e6934614546f665,evt_a2d988bbeba479fb,Ja Morant,NBA,28.79,39.36,25.25,0.51,12.7100,10.9100,14.5200,11.4800
$50 NBA Daily 8/11,2020-08-11T22:28:23.504767,estk_a2d988bbeba479fb8d1c1ad7764c997b,evt_a2d988bbeba479fb,Jonas Valanciunas,NBA,29.59,34,19.5,0.51,9.1300,11.0200,11.0200,7.6400
$50 NBA Daily 8/11,2020-08-11T22:28:23.504772,estk_a2d988bbeba479fba9edb859d18234d0,evt_a2d988bbeba479fb,Kemba Walker,NBA,31.69,33.53,18,0.51,8.8900,8.1000,10.6500,7.3200
$50 NBA Daily 8/11,2020-08-11T22:28:23.504784,estk_a2d988bbeba479fb4b8c495d9fa8db90,evt_a2d988bbeba479fb,Jaylen Brown,NBA,32.13,27.99,12.25,0.51,5.7600,8.8700,7.6000,4.3800
$50 NBA Daily 8/11,2020-08-11T22:28:23.504795,estk_a2d988bbeba479fbd6171dfea381a48f,evt_a2d988bbeba479fb,Brandon Clarke,NBA,25.64,27.31,14.75,0.51,5.4600,4.9200,7.2000,4.0100
$50 NBA Daily 8/11,2020-08-11T22:28:23.504821,estk_a2d988bbeba479fb049fe8ca7bf97ec4,evt_a2d988bbeba479fb,Marcus Smart,NBA,25.68,26.08,13.5,0.51,4.9000,6.5000,6.5000,4.0500
$50 NBA Daily 8/11,2020-08-11T22:28:23.504825,estk_a2d988bbeba479fbf7c5bbc448149f99,evt_a2d988bbeba479fb,Gordon Hayward,NBA,34.38,26.1,9.25,0.51,4.8900,6.3800,6.3600,3.2800
$50 NBA Daily 8/11,2020-08-11T22:28:23.504861,estk_a2d988bbeba479fb3ca2dc749cee3306,evt_a2d988bbeba479fb,Grayson Allen,NBA,17.43,19.79,11.25,0.51,2.7100,4.3300,4.3300,1.8400
$50 NBA Daily 8/11,2020-08-11T22:28:23.504872,estk_a2d988bbeba479fb201a5680f9441b5c,evt_a2d988bbeba479fb,Daniel Theis,NBA,23.44,18.49,7,0.51,2.3800,4.7500,3.9900,1.5800
$50 NBA Daily 8/11,2020-08-11T22:28:23.504875,estk_a2d988bbeba479fb41d6aa90727d2144,evt_a2d988bbeba479fb,Brad Wanamaker,NBA,13.98,17.6,10.75,0.51,2.1800,3.8000,3.7700,1.2000
$50 NBA Daily 8/11,2020-08-11T22:28:23.504879,estk_a2d988bbeba479fbaf7276ad9c2ac994,evt_a2d988bbeba479fb,Dillon Brooks,NBA,25.02,16.76,4.5,0.51,2.0300,3.7200,3.7200,1.2900
$50 NBA Daily 8/11,2020-08-11T22:28:23.504887,estk_a2d988bbeba479fb742e21c662c0c7b4,evt_a2d988bbeba479fb,Kyle Anderson,NBA,16.87,13.02,4.75,0.51,1.5000,3.0300,2.9200,
$50 NBA Daily 8/11,2020-08-11T22:28:23.504890,estk_a2d988bbeba479fb2d6f8355da37442f,evt_a2d988bbeba479fb,Enes Kanter,NBA,6.95,10.91,7.5,0.51,1.3100,2.9100,2.9100,
$50 NBA Daily 8/11,2020-08-11T22:28:23.504894,estk_a2d988bbeba479fbdf5b076d451d97be,evt_a2d988bbeba479fb,De'Anthony Melton,NBA,15.88,9.78,2,0.51,1.2300,2.9900,2.7600,
$50 NBA Daily 8/11,2020-08-11T22:29:24.553124,estk_a2d988bbeba479fbda4bddbbc347c31f,evt_a2d988bbeba479fb,Jayson Tatum,NBA,37.16,43.97,26.5,0.53,16.0000,10.4700,16.1600,12.5000
$50 NBA Daily 8/11,2020-08-11T22:29:24.553130,estk_a2d988bbeba479fb4e6934614546f665,evt_a2d988bbeba479fb,Ja Morant,NBA,28.79,38.78,25.25,0.53,12.2900,10.9100,14.0400,11.4800
$50 NBA Daily 8/11,2020-08-11T22:29:24.553138,estk_a2d988bbeba479fba9edb859d18234d0,evt_a2d988bbeba479fb,Kemba Walker,NBA,31.69,32.89,18,0.53,8.4600,8.1000,10.6500,7.3200
$50 NBA Daily 8/11,2020-08-11T22:29:24.553142,estk_a2d988bbeba479fb8d1c1ad7764c997b,evt_a2d988bbeba479fb,Jonas Valanciunas,NBA,29.59,32.91,19,0.53,8.4600,11.0200,11.0200,7.4500
$50 NBA Daily 8/11,2020-08-11T22:29:24.553162,estk_a2d988bbeba479fb4b8c495d9fa8db90,evt_a2d988bbeba479fb,Jaylen Brown,NBA,32.13,27.35,12.25,0.53,5.4800,8.8700,7.6000,4.3800
$50 NBA Daily 8/11,2020-08-11T22:29:24.553173,estk_a2d988bbeba479fbf7c5bbc448149f99,evt_a2d988bbeba479fb,Gordon Hayward,NBA,34.38,26.91,10.75,0.53,5.3200,6.3800,6.3600,3.7100
$50 NBA Daily 8/11,2020-08-11T22:29:24.553177,estk_a2d988bbeba479fbd6171dfea381a48f,evt_a2d988bbeba479fb,Brandon Clarke,NBA,25.64,26.8,14.75,0.53,5.2200,4.9200,7.2000,4.0100
$50 NBA Daily 8/11,2020-08-11T22:29:24.553199,estk_a2d988bbeba479fb049fe8ca7bf97ec4,evt_a2d988bbeba479fb,Marcus Smart,NBA,25.68,25.57,13.5,0.53,4.7100,6.5000,6.5000,4.0500
$50 NBA Daily 8/11,2020-08-11T22:29:24.553232,estk_a2d988bbeba479fb3ca2dc749cee3306,evt_a2d988bbeba479fb,Grayson Allen,NBA,17.43,19.44,11.25,0.53,2.6300,4.3300,4.3300,1.8000
$50 NBA Daily 8/11,2020-08-11T22:29:24.553239,estk_a2d988bbeba479fb201a5680f9441b5c,evt_a2d988bbeba479fb,Daniel Theis,NBA,23.44,19.27,8.25,0.53,2.5700,4.7500,3.9900,1.5800
$50 NBA Daily 8/11,2020-08-11T22:29:24.553246,estk_a2d988bbeba479fb41d6aa90727d2144,evt_a2d988bbeba479fb,Brad Wanamaker,NBA,13.98,17.32,10.75,0.53,2.1100,3.8000,3.7700,1.2000
$50 NBA Daily 8/11,2020-08-11T22:29:24.553250,estk_a2d988bbeba479fbaf7276ad9c2ac994,evt_a2d988bbeba479fb,Dillon Brooks,NBA,25.02,16.26,4.5,0.53,1.9300,3.7200,3.7200,1.2000
$50 NBA Daily 8/11,2020-08-11T22:29:24.553257,estk_a2d988bbeba479fb742e21c662c0c7b4,evt_a2d988bbeba479fb,Kyle Anderson,NBA,16.87,12.68,4.75,0.53,1.4400,3.0300,2.9200,
$50 NBA Daily 8/11,2020-08-11T22:29:24.553261,estk_a2d988bbeba479fb2d6f8355da37442f,evt_a2d988bbeba479fb,Enes Kanter,NBA,6.95,10.77,7.5,0.53,1.2800,2.9100,2.9100,
$50 NBA Daily 8/11,2020-08-11T22:29:24.553265,estk_a2d988bbeba479fbdf5b076d451d97be,evt_a2d988bbeba479fb,De'Anthony Melton,NBA,15.88,9.46,2,0.53,1.2000,2.9900,2.7600,
$50 NBA Daily 8/11,2020-08-11T22:31:57.371495,estk_a2d988bbeba479fbda4bddbbc347c31f,evt_a2d988bbeba479fb,Jayson Tatum,NBA,37.16,42.85,26.5,0.56,16.0000,10.4700,17.8200,14.1800
$50 NBA Daily 8/11,2020-08-11T22:31:57.371502,estk_a2d988bbeba479fb4e6934614546f665,evt_a2d988bbeba479fb,Ja Morant,NBA,28.79,43.42,30.75,0.56,12.2600,10.9100,14.0400,10.5400
$50 NBA Daily 8/11,2020-08-11T22:31:57.371510,estk_a2d988bbeba479fb8d1c1ad7764c997b,evt_a2d988bbeba479fb,Jonas Valanciunas,NBA,29.59,34.02,21,0.56,8.4400,10.1300,10.1300,6.7900
$50 NBA Daily 8/11,2020-08-11T22:31:57.371515,estk_a2d988bbeba479fba9edb859d18234d0,evt_a2d988bbeba479fb,Kemba Walker,NBA,31.69,30.94,17,0.56,8.4100,8.1000,10.1300,7.3200
$50 NBA Daily 8/11,2020-08-11T22:31:57.371535,estk_a2d988bbeba479fb4b8c495d9fa8db90,evt_a2d988bbeba479fb,Jaylen Brown,NBA,32.13,26.39,12.25,0.56,5.5100,8.8700,7.0900,4.3800
$50 NBA Daily 8/11,2020-08-11T22:31:57.371547,estk_a2d988bbeba479fbf7c5bbc448149f99,evt_a2d988bbeba479fb,Gordon Hayward,NBA,34.38,27.38,12.25,0.56,5.2500,6.3600,6.9300,3.7100
