name,time,id,event_id,stock_name,sector,fantasy_points_projected,fantasy_points_projected_live,fantasy_points_scored,amount_completed,estimated_price,last_price,ask_price,bid_price
$250 Northern Trust,2020-08-18T16:04:41.457775,estk_ca17ff6a4752ffdbf659aa7b5b2176ee,evt_ca17ff6a4752ffdb,Collin Morikawa,PGA,78.58,,,,10.4700,1.0200,,
$250 Northern Trust,2020-08-18T16:04:41.457805,estk_ca17ff6a4752ffdb077d445dd9eef8da,evt_ca17ff6a4752ffdb,Patrick Cantlay,PGA,77.93,,,,10.1200,,,
$250 Northern Trust,2020-08-18T16:04:41.457811,estk_ca17ff6a4752ffdb503f60443b3bd112,evt_ca17ff6a4752ffdb,Webb Simpson,PGA,76.61,,,,9.3900,1.0100,,
$250 Northern Trust,2020-08-18T16:04:41.457816,estk_ca17ff6a4752ffdbf40801c5943c8d94,evt_ca17ff6a4752ffdb,Jon Rahm,PGA,75.84,,,,8.9400,1.0100,,
$250 Northern Trust,2020-08-18T16:04:41.457820,estk_ca17ff6a4752ffdb03fcb99bd098267b,evt_ca17ff6a4752ffdb,Patrick Reed,PGA,75.5,,,,8.7300,1.0100,,
$250 Northern Trust,2020-08-18T16:04:41.457824,estk_ca17ff6a4752ffdb385c664e153f199a,evt_ca17ff6a4752ffdb,Rory McIlroy,PGA,74.87,,,,8.4200,1.0100,,
$250 Northern Trust,2020-08-18T16:04:41.457828,estk_ca17ff6a4752ffdbe0b5b2fc83a00c65,evt_ca17ff6a4752ffdb,Gary Woodland,PGA,74.87,,,,8.4000,1.0100,,
$250 Northern Trust,2020-08-18T16:04:41.457832,estk_ca17ff6a4752ffdbd11048af6a9aa9e4,evt_ca17ff6a4752ffdb,Bryson DeChambeau,PGA,74.79,,,,8.3100,1.0100,,
$250 Northern Trust,2020-08-18T16:04:41.457836,estk_ca17ff6a4752ffdb6e48ec89ea29f9f8,evt_ca17ff6a4752ffdb,Justin Thomas,PGA,74.23,,,,8.0300,1.0100,,
$250 Northern Trust,2020-08-18T16:04:41.457840,estk_ca17ff6a4752ffdb8eb46850755a695e,evt_ca17ff6a4752ffdb,Xander Schauffele,PGA,73.96,,,,7.9500,1.0100,,
$250 Northern Trust,2020-08-18T16:04:41.457844,estk_ca17ff6a4752ffdb30ccd165c4aa611d,evt_ca17ff6a4752ffdb,Brooks Koepka,PGA,73.69,,,,7.8200,1.0100,,
$250 Northern Trust,2020-08-18T16:04:41.457848,estk_ca17ff6a4752ffdbecdd9ee6a8267442,evt_ca17ff6a4752ffdb,Abraham Ancer,PGA,72.44,,,,7.2100,,,
$250 Northern Trust,2020-08-18T16:04:41.457852,estk_ca17ff6a4752ffdb514f8f232f286c88,evt_ca17ff6a4752ffdb,Tiger Woods,PGA,72.43,,,,7.1600,1.0100,,
$250 Northern Trust,2020-08-18T16:04:41.457856,estk_ca17ff6a4752ffdbdb5881f101cec470,evt_ca17ff6a4752ffdb,Justin Rose,PGA,72.15,,,,7.0600,1.0100,,
$250 Northern Trust,2020-08-18T16:04:41.457859,estk_ca17ff6a4752ffdbc2291b803160b17e,evt_ca17ff6a4752ffdb,Daniel Berger,PGA,71.55,,,,6.7900,1.0100,,
$250 Northern Trust,2020-08-18T16:04:41.457863,estk_ca17ff6a4752ffdbd84407620d2d9cf0,evt_ca17ff6a4752ffdb,Tony Finau,PGA,71.23,,,,6.6300,1.0100,,
$250 Northern Trust,2020-08-18T16:04:41.457867,estk_ca17ff6a4752ffdbfe200133ec8a6c41,evt_ca17ff6a4752ffdb,Tyrrell Hatton,PGA,71.22,,,,6.6200,1.0100,,
$250 Northern Trust,2020-08-18T16:04:41.457871,estk_ca17ff6a4752ffdb6db374755563ce83,evt_ca17ff6a4752ffdb,Bubba Watson,PGA,70.83,,,,6.4300,1.0100,,
$250 Northern Trust,2020-08-18T16:04:41.457875,estk_ca17ff6a4752ffdb33ae0bbc78db2949,evt_ca17ff6a4752ffdb,Dustin Johnson,PGA,70.22,,,,6.1800,1.0100,,
$250 Northern Trust,2020-08-18T16:04:41.457879,estk_ca17ff6a4752ffdb3116b24358a8f507,evt_ca17ff6a4752ffdb,Louis Oosthuizen,PGA,69.85,,,,6.0100,1.0100,,
$250 Northern Trust,2020-08-18T16:04:41.457882,estk_ca17ff6a4752ffdb527c5abfc1093b26,evt_ca17ff6a4752ffdb,Hideki Matsuyama,PGA,69.53,,,,5.8800,1.0100,,
$250 Northern Trust,2020-08-18T16:04:41.457886,estk_ca17ff6a4752ffdb9cb9fc3fe55be3c0,evt_ca17ff6a4752ffdb,Adam Scott,PGA,69.44,,,,5.8400,,,
$250 Northern Trust,2020-08-18T16:04:41.457890,estk_ca17ff6a4752ffdba8b79a109f7cf8a2,evt_ca17ff6a4752ffdb,Byeong Hun An,PGA,68.97,,,,5.6600,1.0000,,
$250 Northern Trust,2020-08-18T16:04:41.457893,estk_ca17ff6a4752ffdb2203f644cb3905c3,evt_ca17ff6a4752ffdb,Jason Day,PGA,68.71,,,,5.5700,1.0100,,
$250 Northern Trust,2020-08-18T16:04:41.457897,estk_ca17ff6a4752ffdbdc1e23aa4cb30164,evt_ca17ff6a4752ffdb,Marc Leishman,PGA,68.7,,,,5.5400,1.0100,,
$250 Northern Trust,2020-08-18T16:04:41.457900,estk_ca17ff6a4752ffdb275b00a4c6134775,evt_ca17ff6a4752ffdb,Rickie Fowler,PGA,68.49,,,,5.4600,1.0100,,
$250 Northern Trust,2020-08-18T16:04:41.457904,estk_ca17ff6a4752ffdba251d6b9cc0a07e5,evt_ca17ff6a4752ffdb,Sungjae Im,PGA,68.48,,,,5.4500,1.0100,,
$250 Northern Trust,2020-08-18T16:04:41.457908,estk_ca17ff6a4752ffdbbf5c4810745af2e6,evt_ca17ff6a4752ffdb,Matthew Fitzpatrick,PGA,68.43,,,,5.4500,1.0000,,
$250 Northern Trust,2020-08-18T16:04:41.457912,estk_ca17ff6a4752ffdb694b41dae4b8654f,evt_ca17ff6a4752ffdb,Lucas Glover,PGA,68.1,,,,5.3200,1.0100,,
$250 Northern Trust,2020-08-18T16:04:41.457916,estk_ca17ff6a4752ffdbdda748b4200f22bf,evt_ca17ff6a4752ffdb,Paul Casey,PGA,68.12,,,,5.3000,1.0100,,
$250 Northern Trust,2020-08-18T16:04:41.457920,estk_ca17ff6a4752ffdbe84f621105202612,evt_ca17ff6a4752ffdb,Matt Kuchar,PGA,67.91,,,,5.2600,1.0000,,
$250 Northern Trust,2020-08-18T16:04:41.457924,estk_ca17ff6a4752ffdb3d3360a6372e1b4e,evt_ca17ff6a4752ffdb,Viktor Hovland,PGA,67.9,,,,5.2000,1.0100,,
$250 Northern Trust,2020-08-18T16:04:41.457928,estk_ca17ff6a4752ffdb3cdf3e1e39472da5,evt_ca17ff6a4752ffdb,Tommy Fleetwood,PGA,67.52,,,,5.0700,1.0100,,
$250 Northern Trust,2020-08-18T16:04:41.457932,estk_ca17ff6a4752ffdb170130e9fa731e23,evt_ca17ff6a4752ffdb,Jason Kokrak,PGA,67.39,,,,5.0700,1.0100,,
$250 Northern Trust,2020-08-18T16:04:41.457936,estk_ca17ff6a4752ffdb2ab98d8a9a770fd5,evt_ca17ff6a4752ffdb,Jordan Spieth,PGA,67.41,,,,5.0300,1.0000,,
$250 Northern Trust,2020-08-18T16:04:41.457940,estk_ca17ff6a4752ffdb56ab6ba90ba02e56,evt_ca17ff6a4752ffdb,Joaquin Niemann,PGA,67.09,,,,4.9400,1.0100,,
$250 Northern Trust,2020-08-18T16:04:41.457945,estk_ca17ff6a4752ffdb1c0e9cf8ef9eccd9,evt_ca17ff6a4752ffdb,Matthew Wolff,PGA,66.98,,,,4.9100,1.0100,,
$250 Northern Trust,2020-08-18T16:04:41.457948,estk_ca17ff6a4752ffdb6ef252b94400baa3,evt_ca17ff6a4752ffdb,Adam Hadwin,PGA,66.89,,,,4.8500,1.0000,,
$250 Northern Trust,2020-08-18T16:04:41.457952,estk_ca17ff6a4752ffdb8e366112314840d7,evt_ca17ff6a4752ffdb,Keegan Bradley,PGA,66.67,,,,4.7800,1.0000,,
$250 Northern Trust,2020-08-18T16:04:41.457956,estk_ca17ff6a4752ffdb91386b499e2742a4,evt_ca17ff6a4752ffdb,Ryan Moore,PGA,66.64,,,,4.7700,1.0100,,
$250 Northern Trust,2020-08-18T16:04:41.457959,estk_ca17ff6a4752ffdb58f9d59b6d1e50b5,evt_ca17ff6a4752ffdb,Kevin Streelman,PGA,66.55,,,,4.7500,1.0100,,
$250 Northern Trust,2020-08-18T16:04:41.457963,estk_ca17ff6a4752ffdb1fc545ba8ac8cb0b,evt_ca17ff6a4752ffdb,Rory Sabbatini,PGA,66.15,,,,4.6200,1.0000,,
$250 Northern Trust,2020-08-18T16:04:41.457966,estk_ca17ff6a4752ffdb4e5af02280177635,evt_ca17ff6a4752ffdb,Si Woo Kim,PGA,66.04,,,,4.5900,1.0000,,
$250 Northern Trust,2020-08-18T16:04:41.457970,estk_ca17ff6a4752ffdbd8f0d69f88d3691a,evt_ca17ff6a4752ffdb,Doc Redman,PGA,65.99,,,,4.5400,1.0000,,
$250 Northern Trust,2020-08-18T16:04:41.457973,estk_ca17ff6a4752ffdb727afcd55bf28e15,evt_ca17ff6a4752ffdb,Brandt Snedeker,PGA,65.76,,,,4.4600,1.0100,,
$250 Northern Trust,2020-08-18T16:04:41.457977,estk_ca17ff6a4752ffdb439e82932be18fd4,evt_ca17ff6a4752ffdb,Ian Poulter,PGA,65.01,,,,4.2600,1.0100,,
$250 Northern Trust,2020-08-18T16:04:41.457981,estk_ca17ff6a4752ffdb1ca8635140548cc5,evt_ca17ff6a4752ffdb,Harris English,PGA,64.79,,,,4.1600,1.0100,,
$250 Northern Trust,2020-08-18T16:04:41.457986,estk_ca17ff6a4752ffdbe71bc53e996275e5,evt_ca17ff6a4752ffdb,Brian Gay,PGA,64.67,,,,4.1100,1.0000,,
$250 Northern Trust,2020-08-18T16:04:41.457990,estk_ca17ff6a4752ffdb7c4bd9c5a9725b31,evt_ca17ff6a4752ffdb,Kevin Na,PGA,64.41,,,,4.0300,1.0100,,
$250 Northern Trust,2020-08-18T16:04:41.457994,estk_ca17ff6a4752ffdb3544479351e1ff63,evt_ca17ff6a4752ffdb,Billy Horschel,PGA,63.88,,,,3.8900,1.0100,,
$250 Northern Trust,2020-08-18T16:04:41.457998,estk_ca17ff6a4752ffdb99495eb9a3c8aa25,evt_ca17ff6a4752ffdb,Kevin Kisner,PGA,63.91,,,,3.8700,1.0000,,
$250 Northern Trust,2020-08-18T16:04:41.458001,estk_ca17ff6a4752ffdb467812ddab873919,evt_ca17ff6a4752ffdb,J.T. Poston,PGA,63.77,,,,3.8500,1.0100,,
$250 Northern Trust,2020-08-18T16:04:41.458005,estk_ca17ff6a4752ffdbf0b722aa359b7f95,evt_ca17ff6a4752ffdb,Scott Piercy,PGA,63.7,,,,3.8200,1.0100,,
$250 Northern Trust,2020-08-18T16:04:41.458009,estk_ca17ff6a4752ffdb2f70583fd032316f,evt_ca17ff6a4752ffdb,Max Homa,PGA,63.48,,,,3.7600,1.0100,,
$250 Northern Trust,2020-08-18T16:04:41.458013,estk_ca17ff6a4752ffdb37a8104a8070199b,evt_ca17ff6a4752ffdb,Ryan Armour,PGA,63.26,,,,3.6800,1.0100,,
$250 Northern Trust,2020-08-18T16:04:41.458017,estk_ca17ff6a4752ffdbbdc437a37a2c4345,evt_ca17ff6a4752ffdb,Patrick Rodgers,PGA,63.21,,,,3.6800,,,
$250 Northern Trust,2020-08-18T16:04:41.458021,estk_ca17ff6a4752ffdb7ab7cd0f0adea4a7,evt_ca17ff6a4752ffdb,Cameron Smith,PGA,63.13,,,,3.6700,1.0100,,
$250 Northern Trust,2020-08-18T16:04:41.458024,estk_ca17ff6a4752ffdba5e32548021abe19,evt_ca17ff6a4752ffdb,Chez Reavie,PGA,63.09,,,,3.6600,1.0100,,
$250 Northern Trust,2020-08-18T16:04:41.458028,estk_ca17ff6a4752ffdbff6618d36b623f5c,evt_ca17ff6a4752ffdb,Scottie Scheffler,PGA,63.05,,,,3.6400,1.0000,,
$250 Northern Trust,2020-08-18T16:04:41.458033,estk_ca17ff6a4752ffdbd826980e444dc049,evt_ca17ff6a4752ffdb,Alex Noren,PGA,62.96,,,,3.6000,1.0100,,
$250 Northern Trust,2020-08-18T16:04:41.458037,estk_ca17ff6a4752ffdbf8ddff16f2dbed28,evt_ca17ff6a4752ffdb,Corey Conners,PGA,62.88,,,,3.5900,1.0000,,
$250 Northern Trust,2020-08-18T16:04:41.458040,estk_ca17ff6a4752ffdb1e0083f260619709,evt_ca17ff6a4752ffdb,Sebastian Munoz,PGA,62.82,,,,3.5700,1.0000,,
$250 Northern Trust,2020-08-18T16:04:41.458044,estk_ca17ff6a4752ffdbe3957215e84f7eab,evt_ca17ff6a4752ffdb,Charles Howell III,PGA,62.6,,,,3.5200,,,
$250 Northern Trust,2020-08-18T16:04:41.458047,estk_ca17ff6a4752ffdb3a3fd2efe45d4190,evt_ca17ff6a4752ffdb,Harold Varner III,PGA,62.44,,,,3.4900,1.0000,,
$250 Northern Trust,2020-08-18T16:04:41.458050,estk_ca17ff6a4752ffdb3f67e338f06084d7,evt_ca17ff6a4752ffdb,Troy Merritt,PGA,62.12,,,,3.3800,1.0000,,
$250 Northern Trust,2020-08-18T16:04:41.458054,estk_ca17ff6a4752ffdb4fd2025821f57a83,evt_ca17ff6a4752ffdb,Brendon Todd,PGA,61.98,,,,3.3600,1.0000,,
$250 Northern Trust,2020-08-18T16:04:41.458058,estk_ca17ff6a4752ffdb6fa5553da61e1d4f,evt_ca17ff6a4752ffdb,Joel Dahmen,PGA,61.79,,,,3.3200,1.0000,,
$250 Northern Trust,2020-08-18T16:04:41.458061,estk_ca17ff6a4752ffdb8438cb80bd2eda1c,evt_ca17ff6a4752ffdb,Sam Ryder,PGA,61.72,,,,3.2900,,,
$250 Northern Trust,2020-08-18T16:04:41.458064,estk_ca17ff6a4752ffdb1d4f740cf9f348cc,evt_ca17ff6a4752ffdb,Wyndham Clark,PGA,61.65,,,,3.2900,1.0000,,
$250 Northern Trust,2020-08-18T16:04:41.458068,estk_ca17ff6a4752ffdbbd95a61ddc89f373,evt_ca17ff6a4752ffdb,Vaughn Taylor,PGA,61.53,,,,3.2400,1.0000,,
$250 Northern Trust,2020-08-18T16:04:41.458071,estk_ca17ff6a4752ffdb33cbfa0bc2c99848,evt_ca17ff6a4752ffdb,Charley Hoffman,PGA,61.13,,,,3.1400,1.0000,,
$250 Northern Trust,2020-08-18T16:04:41.458075,estk_ca17ff6a4752ffdb2417e84cbbd5324d,evt_ca17ff6a4752ffdb,Luke List,PGA,60.97,,,,3.1200,1.0000,,
$250 Northern Trust,2020-08-18T16:04:41.458078,estk_ca17ff6a4752ffdb800e5acffcb2c354,evt_ca17ff6a4752ffdb,Bud Cauley,PGA,60.94,,,,3.0900,1.0000,,
$250 Northern Trust,2020-08-18T16:04:41.458083,estk_ca17ff6a4752ffdb8c0c59e9f95a36fc,evt_ca17ff6a4752ffdb,Graeme McDowell,PGA,60.94,,,,3.0600,1.0000,,
$250 Northern Trust,2020-08-18T16:04:41.458087,estk_ca17ff6a4752ffdbd6797fef070c38d6,evt_ca17ff6a4752ffdb,Brice Garnett,PGA,60.63,,,,3.0300,1.0000,,
$250 Northern Trust,2020-08-18T16:04:41.458091,estk_ca17ff6a4752ffdba469dfc58a110587,evt_ca17ff6a4752ffdb,Brian Harman,PGA,60.62,,,,3.0100,1.0000,,
$250 Northern Trust,2020-08-18T16:04:41.458095,estk_ca17ff6a4752ffdb231a4d3b434acb3f,evt_ca17ff6a4752ffdb,Dylan Frittelli,PGA,60.54,,,,3.0100,1.0000,,
$250 Northern Trust,2020-08-18T16:04:41.458099,estk_ca17ff6a4752ffdb4be0d7fc77429fae,evt_ca17ff6a4752ffdb,Sepp Straka,PGA,60.39,,,,2.9700,,,
$250 Northern Trust,2020-08-18T16:04:41.458102,estk_ca17ff6a4752ffdbdc45886d5b7d7c1b,evt_ca17ff6a4752ffdb,Russell Henley,PGA,60.39,,,,2.9500,1.0000,,
$250 Northern Trust,2020-08-18T16:04:41.458106,estk_ca17ff6a4752ffdb382b1670443dcf6e,evt_ca17ff6a4752ffdb,Keith Mitchell,PGA,59.97,,,,2.8600,1.0000,,
$250 Northern Trust,2020-08-18T16:04:41.458110,estk_ca17ff6a4752ffdbae4992823c10a96e,evt_ca17ff6a4752ffdb,Carlos Ortiz,PGA,59.64,,,,2.8000,1.0000,,
$250 Northern Trust,2020-08-18T16:04:41.458114,estk_ca17ff6a4752ffdb40e1350656ce7a59,evt_ca17ff6a4752ffdb,Brian Stuard,PGA,59.61,,,,2.7900,,,
$250 Northern Trust,2020-08-18T16:04:41.458117,estk_ca17ff6a4752ffdb4a18d062074b38a6,evt_ca17ff6a4752ffdb,Scott Brown,PGA,59.31,,,,2.7400,1.0000,,
$250 Northern Trust,2020-08-18T16:04:41.458121,estk_ca17ff6a4752ffdb182635c19afda3d2,evt_ca17ff6a4752ffdb,Ryan Palmer,PGA,59.1,,,,2.6800,1.0000,,
$250 Northern Trust,2020-08-18T16:04:41.458125,estk_ca17ff6a4752ffdbd3debc630a5f6602,evt_ca17ff6a4752ffdb,Cameron Champ,PGA,59.08,,,,2.6700,1.0000,,
$250 Northern Trust,2020-08-18T16:04:41.458129,estk_ca17ff6a4752ffdbc084ad91aa7b325e,evt_ca17ff6a4752ffdb,Brendan Steele,PGA,58.82,,,,2.6300,1.0000,,
$250 Northern Trust,2020-08-18T16:04:41.458132,estk_ca17ff6a4752ffdba2ae7a7605b3a52e,evt_ca17ff6a4752ffdb,Denny McCarthy,PGA,58.57,,,,2.5700,1.0000,,
$250 Northern Trust,2020-08-18T16:04:41.458136,estk_ca17ff6a4752ffdb0811efeafb376fee,evt_ca17ff6a4752ffdb,Michael Thompson,PGA,58.5,,,,2.5700,1.0000,,
$250 Northern Trust,2020-08-18T16:04:41.458140,estk_ca17ff6a4752ffdba76ce6b76eb4f61c,evt_ca17ff6a4752ffdb,Tom Hoge,PGA,58.3,,,,2.5200,1.0000,,
$250 Northern Trust,2020-08-18T16:04:41.458144,estk_ca17ff6a4752ffdba994dc6df42c2b1e,evt_ca17ff6a4752ffdb,Nate Lashley,PGA,58.24,,,,2.5200,1.0000,,
$250 Northern Trust,2020-08-18T16:04:41.458148,estk_ca17ff6a4752ffdbf3ef89e1a34c808f,evt_ca17ff6a4752ffdb,Nick Taylor,PGA,57.89,,,,2.4600,1.0000,,
$250 Northern Trust,2020-08-18T16:04:41.458151,estk_ca17ff6a4752ffdb52583207eaa894b7,evt_ca17ff6a4752ffdb,Scott Stallings,PGA,57.87,,,,2.4300,1.0000,,
$250 Northern Trust,2020-08-18T16:04:41.458155,estk_ca17ff6a4752ffdb4e3c375c77ca101d,evt_ca17ff6a4752ffdb,Tyler Duncan,PGA,57.61,,,,2.3800,1.0000,,
$250 Northern Trust,2020-08-18T16:04:41.458158,estk_ca17ff6a4752ffdb404d8fe8b6d05439,evt_ca17ff6a4752ffdb,Andrew Landry,PGA,57.49,,,,2.3500,1.0000,,
$250 Northern Trust,2020-08-18T16:04:41.458162,estk_ca17ff6a4752ffdbedbbe9a8a4e2367d,evt_ca17ff6a4752ffdb,Maverick McNealy,PGA,57.18,,,,2.3200,1.0000,,
$250 Northern Trust,2020-08-18T16:04:41.458165,estk_ca17ff6a4752ffdbf1c1c5d688ad50b6,evt_ca17ff6a4752ffdb,Danny Lee,PGA,57.12,,,,2.3200,1.0000,,
$250 Northern Trust,2020-08-18T16:04:41.458172,estk_ca17ff6a4752ffdb5a15f2b217b495d5,evt_ca17ff6a4752ffdb,Adam Schenk,PGA,57.02,,,,2.3100,1.0000,,
$250 Northern Trust,2020-08-18T16:04:41.458177,estk_ca17ff6a4752ffdbb3124a1cc05b43be,evt_ca17ff6a4752ffdb,Richy Werenski,PGA,56.99,,,,2.2900,1.0000,,
$250 Northern Trust,2020-08-18T16:04:41.458180,estk_ca17ff6a4752ffdb01c765712de170ec,evt_ca17ff6a4752ffdb,Sung Kang,PGA,56.79,,,,2.2600,1.0000,,
$250 Northern Trust,2020-08-18T16:04:41.458184,estk_ca17ff6a4752ffdba0281ba5dadc7019,evt_ca17ff6a4752ffdb,Matt Jones,PGA,56.56,,,,2.2100,1.0000,,
$250 Northern Trust,2020-08-18T16:04:41.458188,estk_ca17ff6a4752ffdbb4845ab74ec88005,evt_ca17ff6a4752ffdb,Zac Blair,PGA,56.33,,,,2.1700,1.0000,,
$250 Northern Trust,2020-08-18T16:04:41.458193,estk_ca17ff6a4752ffdb77fd9b76bcb7f6ea,evt_ca17ff6a4752ffdb,Henrik Norlander,PGA,56.18,,,,2.1400,1.0000,,
$250 Northern Trust,2020-08-18T16:04:41.458196,estk_ca17ff6a4752ffdbabc28610c0242e1a,evt_ca17ff6a4752ffdb,Phil Mickelson,PGA,55.76,,,,2.0800,1.0000,,
$250 Northern Trust,2020-08-18T16:04:41.458200,estk_ca17ff6a4752ffdbaf335bc9711cd18a,evt_ca17ff6a4752ffdb,Lanto Griffin,PGA,54.78,,,,1.9500,1.0000,,
$250 Northern Trust,2020-08-18T16:04:41.458204,estk_ca17ff6a4752ffdb8145ed04e6806109,evt_ca17ff6a4752ffdb,Beau Hossler,PGA,54.73,,,,1.9500,1.0000,,
$250 Northern Trust,2020-08-18T16:04:41.458208,estk_ca17ff6a4752ffdbf8fe16d2b4c741cc,evt_ca17ff6a4752ffdb,Emiliano Grillo,PGA,54.54,,,,1.9300,1.0000,,
$250 Northern Trust,2020-08-18T16:04:41.458212,estk_ca17ff6a4752ffdb545854725c047326,evt_ca17ff6a4752ffdb,Pat Perez,PGA,54.04,,,,1.8600,1.0000,,
$250 Northern Trust,2020-08-18T16:04:41.458218,estk_ca17ff6a4752ffdb087d4d65007a09ad,evt_ca17ff6a4752ffdb,Mackenzie Hughes,PGA,53.16,,,,1.7500,1.0000,,
$250 Northern Trust,2020-08-18T16:04:41.458222,estk_ca17ff6a4752ffdb408e07cab14ecb5c,evt_ca17ff6a4752ffdb,Kyoung-Hoon Lee,PGA,52.92,,,,1.7400,1.0000,,
$250 Northern Trust,2020-08-18T16:04:41.458225,estk_ca17ff6a4752ffdbe89354ed4f13852c,evt_ca17ff6a4752ffdb,Sam Burns,PGA,52.66,,,,1.7100,1.0000,,
$250 Northern Trust,2020-08-18T16:04:41.458229,estk_ca17ff6a4752ffdb40a0595b15d497b5,evt_ca17ff6a4752ffdb,Cameron Davis,PGA,52.57,,,,1.6800,1.0000,,
$250 Northern Trust,2020-08-18T16:04:41.458233,estk_ca17ff6a4752ffdb4f70a08a1a272573,evt_ca17ff6a4752ffdb,Talor Gooch,PGA,52.02,,,,1.6500,1.0000,,
$250 Northern Trust,2020-08-18T16:04:41.458237,estk_ca17ff6a4752ffdb9833b63def7a8a43,evt_ca17ff6a4752ffdb,Scott Harrington,PGA,51.52,,,,1.6000,1.0000,,
$250 Northern Trust,2020-08-18T16:04:41.458240,estk_ca17ff6a4752ffdb19828383a43b2168,evt_ca17ff6a4752ffdb,Bo Hoag,PGA,51.56,,,,1.5900,1.0000,,
$250 Northern Trust,2020-08-18T16:04:41.458244,estk_ca17ff6a4752ffdbbe7a33b803f85da5,evt_ca17ff6a4752ffdb,Harry Higgs,PGA,51.39,,,,1.5800,1.0000,,
$250 Northern Trust,2020-08-18T16:04:41.458248,estk_ca17ff6a4752ffdb5936e6a0df92674f,evt_ca17ff6a4752ffdb,Xinjun Zhang,PGA,51.26,,,,1.5700,1.0000,,
$250 Northern Trust,2020-08-18T16:04:41.458251,estk_ca17ff6a4752ffdb24767e7a4d8ae0f3,evt_ca17ff6a4752ffdb,Mark Hubbard,PGA,50.73,,,,1.5300,1.0000,,
$250 Northern Trust,2020-08-18T16:04:41.458255,estk_ca17ff6a4752ffdba9cf9571ae8d1395,evt_ca17ff6a4752ffdb,Adam Long,PGA,50.76,,,,1.5200,1.0000,,
$250 Northern Trust,2020-08-18T16:04:41.458259,estk_ca17ff6a4752ffdbb64bcd1f5a174b84,evt_ca17ff6a4752ffdb,Matthew NeSmith,PGA,50.21,,,,1.4800,1.0000,,
$250 Northern Trust,2020-08-18T16:04:41.458263,estk_ca17ff6a4752ffdb6c585da9e4b2ba79,evt_ca17ff6a4752ffdb,Tom Lewis,PGA,50.09,,,,1.4700,1.0000,,
$250 Northern Trust,2020-08-18T16:04:41.458266,estk_ca17ff6a4752ffdbf94b7e5eca9035c7,evt_ca17ff6a4752ffdb,Cameron Tringale,PGA,49.93,,,,1.4500,,,
$250 Northern Trust,2020-08-20T00:06:00.464539,estk_ca17ff6a4752ffdbf659aa7b5b2176ee,evt_ca17ff6a4752ffdb,Collin Morikawa,PGA,78.58,78.58,0,0,11.4900,10.7700,13.2600,
$250 Northern Trust,2020-08-20T00:06:00.464570,estk_ca17ff6a4752ffdb077d445dd9eef8da,evt_ca17ff6a4752ffdb,Patrick Cantlay,PGA,77.93,77.93,0,0,11.0900,10.3800,12.8200,
$250 Northern Trust,2020-08-20T00:06:00.464575,estk_ca17ff6a4752ffdb503f60443b3bd112,evt_ca17ff6a4752ffdb,Webb Simpson,PGA,76.61,76.61,0,0,10.2000,9.5900,11.9300,
$250 Northern Trust,2020-08-20T00:06:00.464580,estk_ca17ff6a4752ffdbf40801c5943c8d94,evt_ca17ff6a4752ffdb,Jon Rahm,PGA,75.84,75.84,0,0,9.7300,9.1300,11.4300,
$250 Northern Trust,2020-08-20T00:06:00.464585,estk_ca17ff6a4752ffdb03fcb99bd098267b,evt_ca17ff6a4752ffdb,Patrick Reed,PGA,75.5,75.5,0,0,9.4900,8.9300,11.1900,
$250 Northern Trust,2020-08-20T00:06:00.464590,estk_ca17ff6a4752ffdb385c664e153f199a,evt_ca17ff6a4752ffdb,Rory McIlroy,PGA,74.87,74.87,0,0,9.1000,8.5800,10.7900,
$250 Northern Trust,2020-08-20T00:06:00.464594,estk_ca17ff6a4752ffdbe0b5b2fc83a00c65,evt_ca17ff6a4752ffdb,Gary Woodland,PGA,74.87,74.87,0,0,9.1000,8.5900,10.8100,
$250 Northern Trust,2020-08-20T00:06:00.464599,estk_ca17ff6a4752ffdbd11048af6a9aa9e4,evt_ca17ff6a4752ffdb,Bryson DeChambeau,PGA,74.79,74.79,0,0,9.0400,8.5300,10.7700,
$250 Northern Trust,2020-08-20T00:06:00.464603,estk_ca17ff6a4752ffdb6e48ec89ea29f9f8,evt_ca17ff6a4752ffdb,Justin Thomas,PGA,74.23,74.23,0,0,8.6700,8.2200,10.3800,
$250 Northern Trust,2020-08-20T00:06:00.464607,estk_ca17ff6a4752ffdb8eb46850755a695e,evt_ca17ff6a4752ffdb,Xander Schauffele,PGA,73.96,73.96,0,0,8.4800,8.0600,10.2500,
$250 Northern Trust,2020-08-20T00:06:00.464612,estk_ca17ff6a4752ffdb514f8f232f286c88,evt_ca17ff6a4752ffdb,Tiger Woods,PGA,72.43,72.43,0,0,7.6900,7.3000,9.3500,
$250 Northern Trust,2020-08-20T00:06:00.464616,estk_ca17ff6a4752ffdbecdd9ee6a8267442,evt_ca17ff6a4752ffdb,Abraham Ancer,PGA,72.44,72.44,0,0,7.6700,7.2800,9.3200,
$250 Northern Trust,2020-08-20T00:06:00.464655,estk_ca17ff6a4752ffdbdb5881f101cec470,evt_ca17ff6a4752ffdb,Justin Rose,PGA,72.15,72.15,0,0,7.4900,7.1200,9.1400,
$250 Northern Trust,2020-08-20T00:06:00.464660,estk_ca17ff6a4752ffdbc2291b803160b17e,evt_ca17ff6a4752ffdb,Daniel Berger,PGA,71.55,71.55,0,0,7.2100,6.8200,8.8300,
$250 Northern Trust,2020-08-20T00:06:00.464664,estk_ca17ff6a4752ffdbfe200133ec8a6c41,evt_ca17ff6a4752ffdb,Tyrrell Hatton,PGA,71.22,71.22,0,0,7.0500,6.6800,8.6700,
$250 Northern Trust,2020-08-20T00:06:00.464668,estk_ca17ff6a4752ffdbd84407620d2d9cf0,evt_ca17ff6a4752ffdb,Tony Finau,PGA,71.23,71.23,0,0,7.0100,6.7000,8.7100,
$250 Northern Trust,2020-08-20T00:06:00.464672,estk_ca17ff6a4752ffdb6db374755563ce83,evt_ca17ff6a4752ffdb,Bubba Watson,PGA,70.83,70.83,0,0,6.8400,6.4700,8.4900,
$250 Northern Trust,2020-08-20T00:06:00.464677,estk_ca17ff6a4752ffdb33ae0bbc78db2949,evt_ca17ff6a4752ffdb,Dustin Johnson,PGA,70.22,70.22,0,0,6.5400,6.2000,8.1600,
$250 Northern Trust,2020-08-20T00:06:00.464681,estk_ca17ff6a4752ffdb3116b24358a8f507,evt_ca17ff6a4752ffdb,Louis Oosthuizen,PGA,69.85,69.85,0,0,6.2700,6.0200,7.9700,
$250 Northern Trust,2020-08-20T00:06:00.464685,estk_ca17ff6a4752ffdb527c5abfc1093b26,evt_ca17ff6a4752ffdb,Hideki Matsuyama,PGA,69.53,69.53,0,0,6.1600,5.8800,7.7800,
$250 Northern Trust,2020-08-20T00:06:00.464689,estk_ca17ff6a4752ffdb9cb9fc3fe55be3c0,evt_ca17ff6a4752ffdb,Adam Scott,PGA,69.44,69.44,0,0,6.1500,5.8600,7.7600,
$250 Northern Trust,2020-08-20T00:06:00.464693,estk_ca17ff6a4752ffdba8b79a109f7cf8a2,evt_ca17ff6a4752ffdb,Byeong Hun An,PGA,68.97,68.97,0,0,5.9400,5.6500,7.5700,
$250 Northern Trust,2020-08-20T00:06:00.464697,estk_ca17ff6a4752ffdb2203f644cb3905c3,evt_ca17ff6a4752ffdb,Jason Day,PGA,68.71,68.71,0,0,5.8000,5.5500,7.4000,
$250 Northern Trust,2020-08-20T00:06:00.464701,estk_ca17ff6a4752ffdbdc1e23aa4cb30164,evt_ca17ff6a4752ffdb,Marc Leishman,PGA,68.7,68.7,0,0,5.8000,5.5300,7.3900,
$250 Northern Trust,2020-08-20T00:06:00.464705,estk_ca17ff6a4752ffdb275b00a4c6134775,evt_ca17ff6a4752ffdb,Rickie Fowler,PGA,68.49,68.49,0,0,5.6700,5.4500,7.2800,
$250 Northern Trust,2020-08-20T00:06:00.464709,estk_ca17ff6a4752ffdba251d6b9cc0a07e5,evt_ca17ff6a4752ffdb,Sungjae Im,PGA,68.48,68.48,0,0,5.6700,5.4400,7.2900,
$250 Northern Trust,2020-08-20T00:06:00.464713,estk_ca17ff6a4752ffdbbf5c4810745af2e6,evt_ca17ff6a4752ffdb,Matthew Fitzpatrick,PGA,68.43,68.43,0,0,5.6500,5.4200,7.2800,
$250 Northern Trust,2020-08-20T00:06:00.464717,estk_ca17ff6a4752ffdb694b41dae4b8654f,evt_ca17ff6a4752ffdb,Lucas Glover,PGA,68.1,68.1,0,0,5.5000,5.2800,7.1000,
$250 Northern Trust,2020-08-20T00:06:00.464722,estk_ca17ff6a4752ffdbdda748b4200f22bf,evt_ca17ff6a4752ffdb,Paul Casey,PGA,68.12,68.12,0,0,5.4700,5.2900,7.1400,
$250 Northern Trust,2020-08-20T00:06:00.464726,estk_ca17ff6a4752ffdb3d3360a6372e1b4e,evt_ca17ff6a4752ffdb,Viktor Hovland,PGA,67.9,67.9,0,0,5.4400,5.2000,7.0200,
$250 Northern Trust,2020-08-20T00:06:00.464730,estk_ca17ff6a4752ffdbe84f621105202612,evt_ca17ff6a4752ffdb,Matt Kuchar,PGA,67.91,67.91,0,0,5.4300,5.1900,7.0600,
$250 Northern Trust,2020-08-20T00:06:00.464734,estk_ca17ff6a4752ffdb2ab98d8a9a770fd5,evt_ca17ff6a4752ffdb,Jordan Spieth,PGA,67.41,67.41,0,0,5.2400,5.0100,6.8200,
$250 Northern Trust,2020-08-20T00:06:00.464739,estk_ca17ff6a4752ffdb3cdf3e1e39472da5,evt_ca17ff6a4752ffdb,Tommy Fleetwood,PGA,67.52,67.52,0,0,5.2300,5.0600,6.8400,
$250 Northern Trust,2020-08-20T00:06:00.464743,estk_ca17ff6a4752ffdb170130e9fa731e23,evt_ca17ff6a4752ffdb,Jason Kokrak,PGA,67.39,67.39,0,0,5.1800,5.0100,6.8100,
$250 Northern Trust,2020-08-20T00:06:00.464747,estk_ca17ff6a4752ffdb56ab6ba90ba02e56,evt_ca17ff6a4752ffdb,Joaquin Niemann,PGA,67.09,67.09,0,0,5.0600,4.8900,6.6900,
$250 Northern Trust,2020-08-20T00:06:00.464751,estk_ca17ff6a4752ffdb1c0e9cf8ef9eccd9,evt_ca17ff6a4752ffdb,Matthew Wolff,PGA,66.98,66.98,0,0,5.0500,4.8300,6.6100,
$250 Northern Trust,2020-08-20T00:06:00.464756,estk_ca17ff6a4752ffdb6ef252b94400baa3,evt_ca17ff6a4752ffdb,Adam Hadwin,PGA,66.89,66.89,0,0,4.9900,4.8100,6.5900,
$250 Northern Trust,2020-08-20T00:06:00.464760,estk_ca17ff6a4752ffdb8e366112314840d7,evt_ca17ff6a4752ffdb,Keegan Bradley,PGA,66.67,66.67,0,0,4.9500,4.7400,6.5100,
$250 Northern Trust,2020-08-20T00:06:00.464764,estk_ca17ff6a4752ffdb91386b499e2742a4,evt_ca17ff6a4752ffdb,Ryan Moore,PGA,66.64,66.64,0,0,4.8900,4.7000,6.4800,
$250 Northern Trust,2020-08-20T00:06:00.464768,estk_ca17ff6a4752ffdb58f9d59b6d1e50b5,evt_ca17ff6a4752ffdb,Kevin Streelman,PGA,66.55,66.55,0,0,4.8400,4.6800,6.4700,
$250 Northern Trust,2020-08-20T00:06:00.464772,estk_ca17ff6a4752ffdb1fc545ba8ac8cb0b,evt_ca17ff6a4752ffdb,Rory Sabbatini,PGA,66.15,66.15,0,0,4.7000,4.5300,6.2900,
$250 Northern Trust,2020-08-20T00:06:00.464776,estk_ca17ff6a4752ffdbd8f0d69f88d3691a,evt_ca17ff6a4752ffdb,Doc Redman,PGA,65.99,65.99,0,0,4.6600,4.4700,6.2500,
$250 Northern Trust,2020-08-20T00:06:00.464780,estk_ca17ff6a4752ffdb4e5af02280177635,evt_ca17ff6a4752ffdb,Si Woo Kim,PGA,66.04,66.04,0,0,4.6500,4.5000,6.2600,
$250 Northern Trust,2020-08-20T00:06:00.464784,estk_ca17ff6a4752ffdb727afcd55bf28e15,evt_ca17ff6a4752ffdb,Brandt Snedeker,PGA,65.76,65.76,0,0,4.5300,4.3800,6.1200,
$250 Northern Trust,2020-08-20T00:06:00.464789,estk_ca17ff6a4752ffdb439e82932be18fd4,evt_ca17ff6a4752ffdb,Ian Poulter,PGA,65.01,65.01,0,0,4.2600,4.1300,5.8800,
$250 Northern Trust,2020-08-20T00:06:00.464793,estk_ca17ff6a4752ffdb1ca8635140548cc5,evt_ca17ff6a4752ffdb,Harris English,PGA,64.79,64.79,0,0,4.1900,4.0500,5.7600,
$250 Northern Trust,2020-08-20T00:06:00.464797,estk_ca17ff6a4752ffdbe71bc53e996275e5,evt_ca17ff6a4752ffdb,Brian Gay,PGA,64.67,64.67,0,0,4.1400,4.0100,5.7100,
$250 Northern Trust,2020-08-20T00:06:00.464802,estk_ca17ff6a4752ffdb7c4bd9c5a9725b31,evt_ca17ff6a4752ffdb,Kevin Na,PGA,64.41,64.41,0,0,4.0600,3.9400,5.6400,
$250 Northern Trust,2020-08-20T00:06:00.464806,estk_ca17ff6a4752ffdb99495eb9a3c8aa25,evt_ca17ff6a4752ffdb,Kevin Kisner,PGA,63.91,63.91,0,0,3.9000,3.7700,5.4400,
$250 Northern Trust,2020-08-20T00:06:00.464811,estk_ca17ff6a4752ffdb3544479351e1ff63,evt_ca17ff6a4752ffdb,Billy Horschel,PGA,63.88,63.88,0,0,3.8700,3.7700,5.4500,
$250 Northern Trust,2020-08-20T00:06:00.464815,estk_ca17ff6a4752ffdb467812ddab873919,evt_ca17ff6a4752ffdb,J.T. Poston,PGA,63.77,63.77,0,0,3.8500,3.7300,5.4100,
$250 Northern Trust,2020-08-20T00:06:00.464819,estk_ca17ff6a4752ffdbf0b722aa359b7f95,evt_ca17ff6a4752ffdb,Scott Piercy,PGA,63.7,63.7,0,0,3.8300,3.7000,5.4000,
$250 Northern Trust,2020-08-20T00:06:00.464823,estk_ca17ff6a4752ffdb2f70583fd032316f,evt_ca17ff6a4752ffdb,Max Homa,PGA,63.48,63.48,0,0,3.7500,3.6400,5.3100,
$250 Northern Trust,2020-08-20T00:06:00.464826,estk_ca17ff6a4752ffdb37a8104a8070199b,evt_ca17ff6a4752ffdb,Ryan Armour,PGA,63.26,63.26,0,0,3.6600,3.5800,5.2700,
$250 Northern Trust,2020-08-20T00:06:00.464830,estk_ca17ff6a4752ffdbbdc437a37a2c4345,evt_ca17ff6a4752ffdb,Patrick Rodgers,PGA,63.21,63.21,0,0,3.6600,3.5600,5.2200,
$250 Northern Trust,2020-08-20T00:06:00.464834,estk_ca17ff6a4752ffdb7ab7cd0f0adea4a7,evt_ca17ff6a4752ffdb,Cameron Smith,PGA,63.13,63.13,0,0,3.6400,3.5500,5.2100,
$250 Northern Trust,2020-08-20T00:06:00.464838,estk_ca17ff6a4752ffdba5e32548021abe19,evt_ca17ff6a4752ffdb,Chez Reavie,PGA,63.09,63.09,0,0,3.6200,3.5400,5.1900,
$250 Northern Trust,2020-08-20T00:06:00.464842,estk_ca17ff6a4752ffdbff6618d36b623f5c,evt_ca17ff6a4752ffdb,Scottie Scheffler,PGA,63.05,63.05,0,0,3.6200,3.5300,5.1600,
$250 Northern Trust,2020-08-20T00:06:00.464846,estk_ca17ff6a4752ffdbd826980e444dc049,evt_ca17ff6a4752ffdb,Alex Noren,PGA,62.96,62.96,0,0,3.5900,3.5000,5.1700,
$250 Northern Trust,2020-08-20T00:06:00.464851,estk_ca17ff6a4752ffdb1e0083f260619709,evt_ca17ff6a4752ffdb,Sebastian Munoz,PGA,62.82,62.82,0,0,3.5500,3.4500,5.1400,
$250 Northern Trust,2020-08-20T00:06:00.464855,estk_ca17ff6a4752ffdbf8ddff16f2dbed28,evt_ca17ff6a4752ffdb,Corey Conners,PGA,62.88,62.88,0,0,3.5400,3.4600,5.1200,
$250 Northern Trust,2020-08-20T00:06:00.464859,estk_ca17ff6a4752ffdbe3957215e84f7eab,evt_ca17ff6a4752ffdb,Charles Howell III,PGA,62.6,62.6,0,0,3.4700,3.3900,5.0400,
$250 Northern Trust,2020-08-20T00:06:00.464863,estk_ca17ff6a4752ffdb3a3fd2efe45d4190,evt_ca17ff6a4752ffdb,Harold Varner III,PGA,62.44,62.44,0,0,3.4400,3.3400,4.9900,
$250 Northern Trust,2020-08-20T00:06:00.464866,estk_ca17ff6a4752ffdb3f67e338f06084d7,evt_ca17ff6a4752ffdb,Troy Merritt,PGA,62.12,62.12,0,0,3.3400,3.2700,4.8900,
$250 Northern Trust,2020-08-20T00:06:00.464871,estk_ca17ff6a4752ffdb4fd2025821f57a83,evt_ca17ff6a4752ffdb,Brendon Todd,PGA,61.98,61.98,0,0,3.2700,3.2100,4.8700,
$250 Northern Trust,2020-08-20T00:06:00.464875,estk_ca17ff6a4752ffdb6fa5553da61e1d4f,evt_ca17ff6a4752ffdb,Joel Dahmen,PGA,61.79,61.79,0,0,3.2300,3.1600,4.8000,
$250 Northern Trust,2020-08-20T00:06:00.464879,estk_ca17ff6a4752ffdb8438cb80bd2eda1c,evt_ca17ff6a4752ffdb,Sam Ryder,PGA,61.72,61.72,0,0,3.2100,3.1400,4.7900,
$250 Northern Trust,2020-08-20T00:06:00.464883,estk_ca17ff6a4752ffdb1d4f740cf9f348cc,evt_ca17ff6a4752ffdb,Wyndham Clark,PGA,61.65,61.65,0,0,3.2000,3.1300,4.7600,
$250 Northern Trust,2020-08-20T00:06:00.464887,estk_ca17ff6a4752ffdb33cbfa0bc2c99848,evt_ca17ff6a4752ffdb,Charley Hoffman,PGA,61.13,61.13,0,0,3.0500,3.0000,4.6100,
$250 Northern Trust,2020-08-20T00:06:00.464891,estk_ca17ff6a4752ffdb800e5acffcb2c354,evt_ca17ff6a4752ffdb,Bud Cauley,PGA,60.94,60.94,0,0,3.0300,2.9500,4.5600,
$250 Northern Trust,2020-08-20T00:06:00.464894,estk_ca17ff6a4752ffdb2417e84cbbd5324d,evt_ca17ff6a4752ffdb,Luke List,PGA,60.97,60.97,0,0,3.0200,2.9500,4.5700,
$250 Northern Trust,2020-08-20T00:06:00.464898,estk_ca17ff6a4752ffdb8c0c59e9f95a36fc,evt_ca17ff6a4752ffdb,Graeme McDowell,PGA,60.94,60.94,0,0,3.0200,2.9500,4.5800,
$250 Northern Trust,2020-08-20T00:06:00.464902,estk_ca17ff6a4752ffdba469dfc58a110587,evt_ca17ff6a4752ffdb,Brian Harman,PGA,60.62,60.62,0,0,2.9300,2.8700,4.4900,
$250 Northern Trust,2020-08-20T00:06:00.464906,estk_ca17ff6a4752ffdbd6797fef070c38d6,evt_ca17ff6a4752ffdb,Brice Garnett,PGA,60.63,60.63,0,0,2.9100,2.8800,4.4800,
$250 Northern Trust,2020-08-20T00:06:00.464911,estk_ca17ff6a4752ffdb231a4d3b434acb3f,evt_ca17ff6a4752ffdb,Dylan Frittelli,PGA,60.54,60.54,0,0,2.9000,2.8500,4.4500,
$250 Northern Trust,2020-08-20T00:06:00.464915,estk_ca17ff6a4752ffdbdc45886d5b7d7c1b,evt_ca17ff6a4752ffdb,Russell Henley,PGA,60.39,60.39,0,0,2.9000,2.8200,4.4200,
$250 Northern Trust,2020-08-20T00:06:00.464919,estk_ca17ff6a4752ffdb4be0d7fc77429fae,evt_ca17ff6a4752ffdb,Sepp Straka,PGA,60.39,60.39,0,0,2.8500,2.8200,4.4200,
$250 Northern Trust,2020-08-20T00:06:00.464923,estk_ca17ff6a4752ffdb382b1670443dcf6e,evt_ca17ff6a4752ffdb,Keith Mitchell,PGA,59.97,59.97,0,0,2.7900,2.7200,4.3300,
$250 Northern Trust,2020-08-20T00:06:00.464927,estk_ca17ff6a4752ffdbae4992823c10a96e,evt_ca17ff6a4752ffdb,Carlos Ortiz,PGA,59.64,59.64,0,0,2.7000,2.6400,4.2500,
$250 Northern Trust,2020-08-20T00:06:00.464931,estk_ca17ff6a4752ffdb40e1350656ce7a59,evt_ca17ff6a4752ffdb,Brian Stuard,PGA,59.61,59.61,0,0,2.6800,2.6500,4.2200,
$250 Northern Trust,2020-08-20T00:06:00.464935,estk_ca17ff6a4752ffdb4a18d062074b38a6,evt_ca17ff6a4752ffdb,Scott Brown,PGA,59.31,59.31,0,0,2.6200,2.5900,4.1600,
$250 Northern Trust,2020-08-20T00:06:00.464939,estk_ca17ff6a4752ffdb182635c19afda3d2,evt_ca17ff6a4752ffdb,Ryan Palmer,PGA,59.1,59.1,0,0,2.5700,2.5400,4.1100,
$250 Northern Trust,2020-08-20T00:06:00.464943,estk_ca17ff6a4752ffdbd3debc630a5f6602,evt_ca17ff6a4752ffdb,Cameron Champ,PGA,59.08,59.08,0,0,2.5700,2.5400,4.1100,
$250 Northern Trust,2020-08-20T00:06:00.464947,estk_ca17ff6a4752ffdbc084ad91aa7b325e,evt_ca17ff6a4752ffdb,Brendan Steele,PGA,58.82,58.82,0,0,2.5200,2.4800,4.0700,
$250 Northern Trust,2020-08-20T00:06:00.464951,estk_ca17ff6a4752ffdba2ae7a7605b3a52e,evt_ca17ff6a4752ffdb,Denny McCarthy,PGA,58.57,58.57,0,0,2.4500,2.4300,4.0000,
$250 Northern Trust,2020-08-20T00:06:00.464955,estk_ca17ff6a4752ffdb0811efeafb376fee,evt_ca17ff6a4752ffdb,Michael Thompson,PGA,58.5,58.5,0,0,2.4500,2.4300,3.9700,
$250 Northern Trust,2020-08-20T00:06:00.464959,estk_ca17ff6a4752ffdba76ce6b76eb4f61c,evt_ca17ff6a4752ffdb,Tom Hoge,PGA,58.3,58.3,0,0,2.4100,2.3900,3.9400,
$250 Northern Trust,2020-08-20T00:06:00.464963,estk_ca17ff6a4752ffdba994dc6df42c2b1e,evt_ca17ff6a4752ffdb,Nate Lashley,PGA,58.24,58.24,0,0,2.3900,2.3800,3.9300,
$250 Northern Trust,2020-08-20T00:06:00.464967,estk_ca17ff6a4752ffdbf3ef89e1a34c808f,evt_ca17ff6a4752ffdb,Nick Taylor,PGA,57.89,57.89,0,0,2.3300,2.3000,3.8600,
$250 Northern Trust,2020-08-20T00:06:00.464971,estk_ca17ff6a4752ffdb52583207eaa894b7,evt_ca17ff6a4752ffdb,Scott Stallings,PGA,57.87,57.87,0,0,2.3200,2.3000,3.8600,
$250 Northern Trust,2020-08-20T00:06:00.464975,estk_ca17ff6a4752ffdb4e3c375c77ca101d,evt_ca17ff6a4752ffdb,Tyler Duncan,PGA,57.61,57.61,0,0,2.2800,2.2500,3.8200,
$250 Northern Trust,2020-08-20T00:06:00.464979,estk_ca17ff6a4752ffdb404d8fe8b6d05439,evt_ca17ff6a4752ffdb,Andrew Landry,PGA,57.49,57.49,0,0,2.2500,2.2500,3.7800,
$250 Northern Trust,2020-08-20T00:06:00.464983,estk_ca17ff6a4752ffdbedbbe9a8a4e2367d,evt_ca17ff6a4752ffdb,Maverick McNealy,PGA,57.18,57.18,0,0,2.1800,2.1800,3.7300,
$250 Northern Trust,2020-08-20T00:06:00.464987,estk_ca17ff6a4752ffdbf1c1c5d688ad50b6,evt_ca17ff6a4752ffdb,Danny Lee,PGA,57.12,57.12,0,0,2.1800,2.1700,3.7000,
$250 Northern Trust,2020-08-20T00:06:00.464991,estk_ca17ff6a4752ffdb5a15f2b217b495d5,evt_ca17ff6a4752ffdb,Adam Schenk,PGA,57.02,57.02,0,0,2.1600,2.1700,3.6800,
$250 Northern Trust,2020-08-20T00:06:00.464995,estk_ca17ff6a4752ffdbb3124a1cc05b43be,evt_ca17ff6a4752ffdb,Richy Werenski,PGA,56.99,56.99,0,0,2.1600,2.1500,3.6900,
$250 Northern Trust,2020-08-20T00:06:00.464999,estk_ca17ff6a4752ffdb01c765712de170ec,evt_ca17ff6a4752ffdb,Sung Kang,PGA,56.79,56.79,0,0,2.1300,2.1300,3.6600,
$250 Northern Trust,2020-08-20T00:06:00.465003,estk_ca17ff6a4752ffdba0281ba5dadc7019,evt_ca17ff6a4752ffdb,Matt Jones,PGA,56.56,56.56,0,0,2.0700,2.0900,3.6200,
$250 Northern Trust,2020-08-20T00:06:00.465007,estk_ca17ff6a4752ffdbb4845ab74ec88005,evt_ca17ff6a4752ffdb,Zac Blair,PGA,56.33,56.33,0,0,2.0500,2.0500,3.5800,
$250 Northern Trust,2020-08-20T00:06:00.465012,estk_ca17ff6a4752ffdb77fd9b76bcb7f6ea,evt_ca17ff6a4752ffdb,Henrik Norlander,PGA,56.18,56.18,0,0,2.0200,2.0300,3.5600,
$250 Northern Trust,2020-08-20T00:06:00.465016,estk_ca17ff6a4752ffdbabc28610c0242e1a,evt_ca17ff6a4752ffdb,Phil Mickelson,PGA,55.76,55.76,0,0,1.9600,1.9900,3.5000,
$250 Northern Trust,2020-08-20T00:06:00.465020,estk_ca17ff6a4752ffdbaf335bc9711cd18a,evt_ca17ff6a4752ffdb,Lanto Griffin,PGA,54.78,54.78,0,0,1.8200,1.8500,3.3500,
$250 Northern Trust,2020-08-20T00:06:00.465024,estk_ca17ff6a4752ffdb8145ed04e6806109,evt_ca17ff6a4752ffdb,Beau Hossler,PGA,54.73,54.73,0,0,1.8100,1.8300,3.3400,
$250 Northern Trust,2020-08-20T00:06:00.465027,estk_ca17ff6a4752ffdbf8fe16d2b4c741cc,evt_ca17ff6a4752ffdb,Emiliano Grillo,PGA,54.54,54.54,0,0,1.7900,1.8100,3.3200,
$250 Northern Trust,2020-08-20T00:06:00.465031,estk_ca17ff6a4752ffdb545854725c047326,evt_ca17ff6a4752ffdb,Pat Perez,PGA,54.04,54.04,0,0,1.7200,1.7600,3.2400,
$250 Northern Trust,2020-08-20T00:06:00.465035,estk_ca17ff6a4752ffdb087d4d65007a09ad,evt_ca17ff6a4752ffdb,Mackenzie Hughes,PGA,53.16,53.16,0,0,1.6200,1.6600,3.1500,
$250 Northern Trust,2020-08-20T00:06:00.465039,estk_ca17ff6a4752ffdb408e07cab14ecb5c,evt_ca17ff6a4752ffdb,Kyoung-Hoon Lee,PGA,52.92,52.92,0,0,1.6100,1.6300,3.1100,
$250 Northern Trust,2020-08-20T00:06:00.465043,estk_ca17ff6a4752ffdbe89354ed4f13852c,evt_ca17ff6a4752ffdb,Sam Burns,PGA,52.66,52.66,0,0,1.5600,1.6200,3.1000,
$250 Northern Trust,2020-08-20T00:06:00.465047,estk_ca17ff6a4752ffdb40a0595b15d497b5,evt_ca17ff6a4752ffdb,Cameron Davis,PGA,52.57,52.57,0,0,1.5600,1.5900,3.0900,
$250 Northern Trust,2020-08-20T00:06:00.465050,estk_ca17ff6a4752ffdb4f70a08a1a272573,evt_ca17ff6a4752ffdb,Talor Gooch,PGA,52.02,52.02,0,0,1.5000,1.5400,3.0400,
$250 Northern Trust,2020-08-20T00:06:00.465054,estk_ca17ff6a4752ffdb19828383a43b2168,evt_ca17ff6a4752ffdb,Bo Hoag,PGA,51.56,51.56,0,0,1.4600,1.5200,2.9900,
$250 Northern Trust,2020-08-20T00:06:00.465058,estk_ca17ff6a4752ffdb9833b63def7a8a43,evt_ca17ff6a4752ffdb,Scott Harrington,PGA,51.52,51.52,0,0,1.4600,1.5100,2.9900,
$250 Northern Trust,2020-08-20T00:06:00.465062,estk_ca17ff6a4752ffdbbe7a33b803f85da5,evt_ca17ff6a4752ffdb,Harry Higgs,PGA,51.39,51.39,0,0,1.4500,1.4800,2.9800,
$250 Northern Trust,2020-08-20T00:06:00.465066,estk_ca17ff6a4752ffdb5936e6a0df92674f,evt_ca17ff6a4752ffdb,Xinjun Zhang,PGA,51.26,51.26,0,0,1.4400,1.4700,2.9600,
$250 Northern Trust,2020-08-20T00:06:00.465070,estk_ca17ff6a4752ffdba9cf9571ae8d1395,evt_ca17ff6a4752ffdb,Adam Long,PGA,50.76,50.76,0,0,1.4000,1.4300,2.9200,
$250 Northern Trust,2020-08-20T00:06:00.465074,estk_ca17ff6a4752ffdb24767e7a4d8ae0f3,evt_ca17ff6a4752ffdb,Mark Hubbard,PGA,50.73,50.73,0,0,1.3900,1.4400,2.9200,
$250 Northern Trust,2020-08-20T00:06:00.465078,estk_ca17ff6a4752ffdbb64bcd1f5a174b84,evt_ca17ff6a4752ffdb,Matthew NeSmith,PGA,50.21,50.21,0,0,1.3700,1.4200,2.8800,
$250 Northern Trust,2020-08-20T00:06:00.465081,estk_ca17ff6a4752ffdb6c585da9e4b2ba79,evt_ca17ff6a4752ffdb,Tom Lewis,PGA,50.09,50.09,0,0,1.3600,1.3900,2.8800,
$250 Northern Trust,2020-08-20T00:06:00.465085,estk_ca17ff6a4752ffdbf94b7e5eca9035c7,evt_ca17ff6a4752ffdb,Cameron Tringale,PGA,49.93,49.93,0,0,1.3400,1.3800,2.8600,
$250 Northern Trust,2020-08-20T00:06:00.465089,estk_ca17ff6a4752ffdb30ccd165c4aa611d,evt_ca17ff6a4752ffdb,Brooks Koepka,PGA,0,0,0,0,1.0000,5.8600,2.5200,
$250 Northern Trust,2020-08-20T00:06:00.465093,estk_ca17ff6a4752ffdbbd95a61ddc89f373,evt_ca17ff6a4752ffdb,Vaughn Taylor,PGA,0,0,0,0,1.0000,1.0200,2.5200,
$250 Northern Trust,2020-08-20T11:26:29.363771,estk_ca17ff6a4752ffdb30ccd165c4aa611d,evt_ca17ff6a4752ffdb,Brooks Koepka,PGA,0,0,0,1,1.0000,5.8600,2.5200,
$250 Northern Trust,2020-08-20T11:26:29.363776,estk_ca17ff6a4752ffdbbd95a61ddc89f373,evt_ca17ff6a4752ffdb,Vaughn Taylor,PGA,0,0,0,1,1.0000,1.0200,2.5200,
$250 Northern Trust,2020-08-20T11:36:29.914763,estk_ca17ff6a4752ffdb91386b499e2742a4,evt_ca17ff6a4752ffdb,Ryan Moore,PGA,66.64,66.97,1,0.01,4.9900,4.7000,6.4800,
$250 Northern Trust,2020-08-20T11:36:29.914791,estk_ca17ff6a4752ffdb439e82932be18fd4,evt_ca17ff6a4752ffdb,Ian Poulter,PGA,65.01,65.36,1,0.01,4.3800,4.1300,5.8800,
$250 Northern Trust,2020-08-20T11:36:29.914852,estk_ca17ff6a4752ffdb37a8104a8070199b,evt_ca17ff6a4752ffdb,Ryan Armour,PGA,63.26,62.63,0,0.01,3.4700,3.5800,5.2700,
$250 Northern Trust,2020-08-20T11:46:30.463084,estk_ca17ff6a4752ffdb91386b499e2742a4,evt_ca17ff6a4752ffdb,Ryan Moore,PGA,66.64,65.64,1,0.03,4.4300,4.7000,6.4800,
$250 Northern Trust,2020-08-20T11:46:30.463101,estk_ca17ff6a4752ffdba5e32548021abe19,evt_ca17ff6a4752ffdb,Chez Reavie,PGA,63.09,64.46,2,0.01,4.0700,3.5400,5.1900,
$250 Northern Trust,2020-08-20T11:46:30.463155,estk_ca17ff6a4752ffdb37a8104a8070199b,evt_ca17ff6a4752ffdb,Ryan Armour,PGA,63.26,62.36,1,0.03,3.3700,3.5800,5.2700,
$250 Northern Trust,2020-08-20T11:46:30.463232,estk_ca17ff6a4752ffdba994dc6df42c2b1e,evt_ca17ff6a4752ffdb,Nate Lashley,PGA,58.24,58.66,1,0.01,2.4900,2.3800,3.9300,
$250 Northern Trust,2020-08-20T11:46:30.463267,estk_ca17ff6a4752ffdb01c765712de170ec,evt_ca17ff6a4752ffdb,Sung Kang,PGA,56.79,57.22,1,0.01,2.2000,2.1300,3.6600,
$250 Northern Trust,2020-08-20T11:46:30.463320,estk_ca17ff6a4752ffdb4f70a08a1a272573,evt_ca17ff6a4752ffdb,Talor Gooch,PGA,52.02,52.5,1,0.01,1.5700,1.5400,3.0400,
$250 Northern Trust,2020-08-20T11:56:30.959259,estk_ca17ff6a4752ffdbe84f621105202612,evt_ca17ff6a4752ffdb,Matt Kuchar,PGA,67.91,68.23,1,0.01,5.5100,5.1900,7.0600,
$250 Northern Trust,2020-08-20T11:56:30.959316,estk_ca17ff6a4752ffdb439e82932be18fd4,evt_ca17ff6a4752ffdb,Ian Poulter,PGA,65.01,66.06,3,0.03,4.6300,4.1300,5.8800,
$250 Northern Trust,2020-08-20T11:56:30.959381,estk_ca17ff6a4752ffdb3a3fd2efe45d4190,evt_ca17ff6a4752ffdb,Harold Varner III,PGA,62.44,62.82,1,0.01,3.5200,3.3400,4.9900,
$250 Northern Trust,2020-08-20T11:56:30.959409,estk_ca17ff6a4752ffdb800e5acffcb2c354,evt_ca17ff6a4752ffdb,Bud Cauley,PGA,60.94,61.33,1,0.01,3.1100,2.9500,4.5600,
$250 Northern Trust,2020-08-20T11:56:30.959441,estk_ca17ff6a4752ffdb40e1350656ce7a59,evt_ca17ff6a4752ffdb,Brian Stuard,PGA,59.61,60.01,1,0.01,2.8100,2.6500,4.2200,
$250 Northern Trust,2020-08-20T11:56:30.959476,estk_ca17ff6a4752ffdba994dc6df42c2b1e,evt_ca17ff6a4752ffdb,Nate Lashley,PGA,58.24,58.49,2,0.03,2.4200,2.3800,3.9300,
$250 Northern Trust,2020-08-20T12:06:31.443825,estk_ca17ff6a4752ffdbd8f0d69f88d3691a,evt_ca17ff6a4752ffdb,Doc Redman,PGA,65.99,66.33,1,0.01,4.7500,4.4700,6.2500,
$250 Northern Trust,2020-08-20T12:06:31.443830,estk_ca17ff6a4752ffdb439e82932be18fd4,evt_ca17ff6a4752ffdb,Ian Poulter,PGA,65.01,66.41,4,0.04,4.7100,4.1300,5.8800,
$250 Northern Trust,2020-08-20T12:06:31.443846,estk_ca17ff6a4752ffdb91386b499e2742a4,evt_ca17ff6a4752ffdb,Ryan Moore,PGA,66.64,64.97,1,0.04,4.2000,4.7000,5.7700,
$250 Northern Trust,2020-08-20T12:06:31.443862,estk_ca17ff6a4752ffdb467812ddab873919,evt_ca17ff6a4752ffdb,J.T. Poston,PGA,63.77,64.13,1,0.01,3.9700,3.7300,5.4100,
$250 Northern Trust,2020-08-20T12:06:31.443866,estk_ca17ff6a4752ffdba5e32548021abe19,evt_ca17ff6a4752ffdb,Chez Reavie,PGA,63.09,64.2,3,0.03,3.9500,3.5400,5.1900,
$250 Northern Trust,2020-08-20T12:06:31.443911,estk_ca17ff6a4752ffdb37a8104a8070199b,evt_ca17ff6a4752ffdb,Ryan Armour,PGA,63.26,62.73,2,0.04,3.4400,3.5800,5.2700,
$250 Northern Trust,2020-08-20T12:06:31.443915,estk_ca17ff6a4752ffdb3a3fd2efe45d4190,evt_ca17ff6a4752ffdb,Harold Varner III,PGA,62.44,62.57,2,0.03,3.4400,3.3400,4.9900,
$250 Northern Trust,2020-08-20T12:06:31.443948,estk_ca17ff6a4752ffdb4be0d7fc77429fae,evt_ca17ff6a4752ffdb,Sepp Straka,PGA,60.39,60.79,1,0.01,2.9900,2.8200,4.4200,
$250 Northern Trust,2020-08-20T12:06:31.443970,estk_ca17ff6a4752ffdb40e1350656ce7a59,evt_ca17ff6a4752ffdb,Brian Stuard,PGA,59.61,59.82,2,0.03,2.7300,2.6500,4.2200,
$250 Northern Trust,2020-08-20T12:06:31.443989,estk_ca17ff6a4752ffdb800e5acffcb2c354,evt_ca17ff6a4752ffdb,Bud Cauley,PGA,60.94,59.11,0,0.03,2.5600,2.9500,4.5600,
$250 Northern Trust,2020-08-20T12:06:31.444000,estk_ca17ff6a4752ffdbedbbe9a8a4e2367d,evt_ca17ff6a4752ffdb,Maverick McNealy,PGA,57.18,58.61,2,0.01,2.4800,2.1800,3.7300,
$250 Northern Trust,2020-08-20T12:06:31.444082,estk_ca17ff6a4752ffdbbe7a33b803f85da5,evt_ca17ff6a4752ffdb,Harry Higgs,PGA,51.39,52.88,2,0.01,1.6100,1.4800,2.9800,
$250 Northern Trust,2020-08-20T12:06:31.444093,estk_ca17ff6a4752ffdb5936e6a0df92674f,evt_ca17ff6a4752ffdb,Xinjun Zhang,PGA,51.26,51.75,1,0.01,1.5000,1.4700,2.9600,
$250 Northern Trust,2020-08-20T12:16:32.011230,estk_ca17ff6a4752ffdb2203f644cb3905c3,evt_ca17ff6a4752ffdb,Jason Day,PGA,68.71,70.02,2,0.01,6.2900,5.5500,7.9200,4.7000
$250 Northern Trust,2020-08-20T12:16:32.011296,estk_ca17ff6a4752ffdb6ef252b94400baa3,evt_ca17ff6a4752ffdb,Adam Hadwin,PGA,66.89,67.22,1,0.01,5.0700,4.8100,6.5900,3.5500
$250 Northern Trust,2020-08-20T12:16:32.011300,estk_ca17ff6a4752ffdbe84f621105202612,evt_ca17ff6a4752ffdb,Matt Kuchar,PGA,67.91,66.87,1,0.03,4.9500,5.1900,6.5300,3.9300
$250 Northern Trust,2020-08-20T12:16:32.011341,estk_ca17ff6a4752ffdba5e32548021abe19,evt_ca17ff6a4752ffdb,Chez Reavie,PGA,63.09,64.57,4,0.04,4.0600,3.5400,5.1900,3.0900
$250 Northern Trust,2020-08-20T12:16:32.011344,estk_ca17ff6a4752ffdb91386b499e2742a4,evt_ca17ff6a4752ffdb,Ryan Moore,PGA,66.64,64.64,2,0.06,4.0200,4.7000,5.7700,2.5900
$250 Northern Trust,2020-08-20T12:16:32.011416,estk_ca17ff6a4752ffdb37a8104a8070199b,evt_ca17ff6a4752ffdb,Ryan Armour,PGA,63.26,61.46,2,0.06,3.0800,3.5800,4.6200,1.8800
$250 Northern Trust,2020-08-20T12:16:32.011441,estk_ca17ff6a4752ffdb4be0d7fc77429fae,evt_ca17ff6a4752ffdb,Sepp Straka,PGA,60.39,60.58,2,0.03,2.9100,2.8200,4.4200,2.0800
$250 Northern Trust,2020-08-20T12:16:32.011444,estk_ca17ff6a4752ffdb40e1350656ce7a59,evt_ca17ff6a4752ffdb,Brian Stuard,PGA,59.61,60.23,3,0.04,2.8300,2.6500,4.2200,1.2700
$250 Northern Trust,2020-08-20T12:16:32.011452,estk_ca17ff6a4752ffdbae4992823c10a96e,evt_ca17ff6a4752ffdb,Carlos Ortiz,PGA,59.64,60.04,1,0.01,2.8200,2.6400,4.2500,1.7300
$250 Northern Trust,2020-08-20T12:16:32.011460,estk_ca17ff6a4752ffdbc084ad91aa7b325e,evt_ca17ff6a4752ffdb,Brendan Steele,PGA,58.82,59.23,1,0.01,2.6500,2.4800,4.0700,1.3400
$250 Northern Trust,2020-08-20T12:16:32.011467,estk_ca17ff6a4752ffdb800e5acffcb2c354,evt_ca17ff6a4752ffdb,Bud Cauley,PGA,60.94,59.5,1,0.04,2.6300,2.9500,4.5600,1.1000
$250 Northern Trust,2020-08-20T12:16:32.011475,estk_ca17ff6a4752ffdb0811efeafb376fee,evt_ca17ff6a4752ffdb,Michael Thompson,PGA,58.5,58.91,1,0.01,2.5700,2.4300,3.9700,1.3400
$250 Northern Trust,2020-08-20T12:16:32.011483,estk_ca17ff6a4752ffdba994dc6df42c2b1e,evt_ca17ff6a4752ffdb,Nate Lashley,PGA,58.24,58.91,3,0.04,2.5000,2.3800,3.9300,3.4300
$250 Northern Trust,2020-08-20T12:16:32.011497,estk_ca17ff6a4752ffdb404d8fe8b6d05439,evt_ca17ff6a4752ffdb,Andrew Landry,PGA,57.49,57.92,1,0.01,2.3600,2.2500,3.7800,
$250 Northern Trust,2020-08-20T12:16:32.011529,estk_ca17ff6a4752ffdb01c765712de170ec,evt_ca17ff6a4752ffdb,Sung Kang,PGA,56.79,56.09,1,0.03,2.0200,2.1300,3.6600,
$250 Northern Trust,2020-08-20T12:16:32.011563,estk_ca17ff6a4752ffdbbe7a33b803f85da5,evt_ca17ff6a4752ffdb,Harry Higgs,PGA,51.39,52.85,3,0.03,1.6100,1.4800,2.9800,
$250 Northern Trust,2020-08-20T12:16:32.011567,estk_ca17ff6a4752ffdb4f70a08a1a272573,evt_ca17ff6a4752ffdb,Talor Gooch,PGA,52.02,52.46,2,0.03,1.5600,1.5400,3.0400,
$250 Northern Trust,2020-08-20T12:16:32.011577,estk_ca17ff6a4752ffdb5936e6a0df92674f,evt_ca17ff6a4752ffdb,Xinjun Zhang,PGA,51.26,51.72,2,0.03,1.4900,1.4700,2.9600,
$250 Northern Trust,2020-08-20T12:26:32.423092,estk_ca17ff6a4752ffdb077d445dd9eef8da,evt_ca17ff6a4752ffdb,Patrick Cantlay,PGA,77.93,78.15,1,0.01,10.9200,10.3800,12.8200,9.1800
$250 Northern Trust,2020-08-20T12:26:32.423103,estk_ca17ff6a4752ffdbe0b5b2fc83a00c65,evt_ca17ff6a4752ffdb,Gary Woodland,PGA,74.87,76.12,2,0.01,9.6400,8.5900,11.3100,7.3100
$250 Northern Trust,2020-08-20T12:26:32.423130,estk_ca17ff6a4752ffdbecdd9ee6a8267442,evt_ca17ff6a4752ffdb,Abraham Ancer,PGA,72.44,73.72,2,0.01,8.2200,7.2800,9.8800,5.9300
$250 Northern Trust,2020-08-20T12:26:32.423157,estk_ca17ff6a4752ffdb33ae0bbc78db2949,evt_ca17ff6a4752ffdb,Dustin Johnson,PGA,70.22,70.52,1,0.01,6.5300,6.2000,8.1600,4.8500
$250 Northern Trust,2020-08-20T12:26:32.423176,estk_ca17ff6a4752ffdba8b79a109f7cf8a2,evt_ca17ff6a4752ffdb,Byeong Hun An,PGA,68.97,69.28,1,0.01,5.9900,5.6500,7.5700,4.2800
$250 Northern Trust,2020-08-20T12:26:32.423179,estk_ca17ff6a4752ffdbdc1e23aa4cb30164,evt_ca17ff6a4752ffdb,Marc Leishman,PGA,68.7,69.01,1,0.01,5.8500,5.5300,7.3900,4.1400
$250 Northern Trust,2020-08-20T12:26:32.423202,estk_ca17ff6a4752ffdbe84f621105202612,evt_ca17ff6a4752ffdb,Matt Kuchar,PGA,67.91,68.19,3,0.04,5.4100,5.1900,6.5300,3.9300
$250 Northern Trust,2020-08-20T12:26:32.423235,estk_ca17ff6a4752ffdb439e82932be18fd4,evt_ca17ff6a4752ffdb,Ian Poulter,PGA,65.01,67.11,6,0.06,4.9400,4.1300,6.5400,3.1600
$250 Northern Trust,2020-08-20T12:26:32.423254,estk_ca17ff6a4752ffdbd8f0d69f88d3691a,evt_ca17ff6a4752ffdb,Doc Redman,PGA,65.99,66.01,2,0.03,4.5700,4.4700,6.2500,3.1600
$250 Northern Trust,2020-08-20T12:26:32.423262,estk_ca17ff6a4752ffdba5e32548021abe19,evt_ca17ff6a4752ffdb,Chez Reavie,PGA,63.09,65.3,6,0.06,4.2400,3.5400,5.8200,3.0900
$250 Northern Trust,2020-08-20T12:26:32.423273,estk_ca17ff6a4752ffdb91386b499e2742a4,evt_ca17ff6a4752ffdb,Ryan Moore,PGA,66.64,64.98,3,0.07,4.1200,4.7000,5.7700,2.5900
$250 Northern Trust,2020-08-20T12:26:32.423288,estk_ca17ff6a4752ffdb467812ddab873919,evt_ca17ff6a4752ffdb,J.T. Poston,PGA,63.77,63.86,2,0.03,3.8200,3.7300,5.4100,2.3900
$250 Northern Trust,2020-08-20T12:26:32.423320,estk_ca17ff6a4752ffdb3a3fd2efe45d4190,evt_ca17ff6a4752ffdb,Harold Varner III,PGA,62.44,62.94,3,0.04,3.5100,3.3400,4.9900,1.8900
$250 Northern Trust,2020-08-20T12:26:32.423360,estk_ca17ff6a4752ffdbae4992823c10a96e,evt_ca17ff6a4752ffdb,Carlos Ortiz,PGA,59.64,60.85,3,0.03,2.9700,2.6400,4.2500,1.7300
$250 Northern Trust,2020-08-20T12:26:32.423382,estk_ca17ff6a4752ffdb4be0d7fc77429fae,evt_ca17ff6a4752ffdb,Sepp Straka,PGA,60.39,59.97,2,0.04,2.7400,2.8200,4.4200,1.4400
$250 Northern Trust,2020-08-20T12:26:32.423389,estk_ca17ff6a4752ffdba994dc6df42c2b1e,evt_ca17ff6a4752ffdb,Nate Lashley,PGA,58.24,59.75,5,0.06,2.6400,2.3800,3.9300,3.4300
$250 Northern Trust,2020-08-20T12:26:32.423410,estk_ca17ff6a4752ffdb0811efeafb376fee,evt_ca17ff6a4752ffdb,Michael Thompson,PGA,58.5,58.74,2,0.03,2.4800,2.4300,3.9700,1.3400
$250 Northern Trust,2020-08-20T12:26:32.423426,estk_ca17ff6a4752ffdb404d8fe8b6d05439,evt_ca17ff6a4752ffdb,Andrew Landry,PGA,57.49,57.77,2,0.03,2.3100,2.2500,3.7800,
$250 Northern Trust,2020-08-20T12:26:32.423433,estk_ca17ff6a4752ffdbedbbe9a8a4e2367d,evt_ca17ff6a4752ffdb,Maverick McNealy,PGA,57.18,57.46,2,0.03,2.2200,2.1800,3.7300,
$250 Northern Trust,2020-08-20T12:26:32.423457,estk_ca17ff6a4752ffdb01c765712de170ec,evt_ca17ff6a4752ffdb,Sung Kang,PGA,56.79,56.52,2,0.04,2.0600,2.1300,3.6600,
$250 Northern Trust,2020-08-20T12:26:32.423491,estk_ca17ff6a4752ffdb4f70a08a1a272573,evt_ca17ff6a4752ffdb,Talor Gooch,PGA,52.02,52.94,3,0.04,1.5900,1.5400,3.0400,
$250 Northern Trust,2020-08-20T12:36:32.986514,estk_ca17ff6a4752ffdb385c664e153f199a,evt_ca17ff6a4752ffdb,Rory McIlroy,PGA,74.87,75.12,1,0.01,9.0800,8.5800,10.7900,7.6400
$250 Northern Trust,2020-08-20T12:36:32.986531,estk_ca17ff6a4752ffdbecdd9ee6a8267442,evt_ca17ff6a4752ffdb,Abraham Ancer,PGA,72.44,73.27,3,0.03,7.9400,7.2800,9.8800,5.9300
$250 Northern Trust,2020-08-20T12:36:32.986544,estk_ca17ff6a4752ffdbc2291b803160b17e,evt_ca17ff6a4752ffdb,Daniel Berger,PGA,71.55,71.83,1,0.01,7.2200,6.8200,8.8300,5.4900
$250 Northern Trust,2020-08-20T12:36:32.986556,estk_ca17ff6a4752ffdb33ae0bbc78db2949,evt_ca17ff6a4752ffdb,Dustin Johnson,PGA,70.22,71.11,3,0.03,6.8400,6.2000,8.1600,4.8500
$250 Northern Trust,2020-08-20T12:36:32.986567,estk_ca17ff6a4752ffdb2203f644cb3905c3,evt_ca17ff6a4752ffdb,Jason Day,PGA,68.71,69.65,3,0.03,6.0800,5.5500,7.9200,4.7500
$250 Northern Trust,2020-08-20T12:36:32.986586,estk_ca17ff6a4752ffdbdc1e23aa4cb30164,evt_ca17ff6a4752ffdb,Marc Leishman,PGA,68.7,68.64,2,0.03,5.6300,5.5300,7.3900,4.1400
$250 Northern Trust,2020-08-20T12:36:32.986597,estk_ca17ff6a4752ffdb56ab6ba90ba02e56,evt_ca17ff6a4752ffdb,Joaquin Niemann,PGA,67.09,68.42,2,0.01,5.5600,4.8900,7.1700,3.4900
$250 Northern Trust,2020-08-20T12:36:32.986634,estk_ca17ff6a4752ffdb6ef252b94400baa3,evt_ca17ff6a4752ffdb,Adam Hadwin,PGA,66.89,66.88,2,0.03,4.9000,4.8100,6.5900,3.5500
$250 Northern Trust,2020-08-20T12:36:32.986649,estk_ca17ff6a4752ffdbd8f0d69f88d3691a,evt_ca17ff6a4752ffdb,Doc Redman,PGA,65.99,66.35,3,0.04,4.6700,4.4700,6.2500,3.1600
$250 Northern Trust,2020-08-20T12:36:32.986660,estk_ca17ff6a4752ffdba5e32548021abe19,evt_ca17ff6a4752ffdb,Chez Reavie,PGA,63.09,65.67,7,0.07,4.3600,3.5400,5.8200,3.0900
$250 Northern Trust,2020-08-20T12:36:32.986664,estk_ca17ff6a4752ffdb3544479351e1ff63,evt_ca17ff6a4752ffdb,Billy Horschel,PGA,63.88,65.24,2,0.01,4.2900,3.7700,5.4500,2.3300
$250 Northern Trust,2020-08-20T12:36:32.986668,estk_ca17ff6a4752ffdb1ca8635140548cc5,evt_ca17ff6a4752ffdb,Harris English,PGA,64.79,65.14,1,0.01,4.2800,4.0500,5.7600,2.6400
$250 Northern Trust,2020-08-20T12:36:32.986687,estk_ca17ff6a4752ffdb467812ddab873919,evt_ca17ff6a4752ffdb,J.T. Poston,PGA,63.77,64.22,3,0.04,3.8700,3.7300,5.4100,2.3900
$250 Northern Trust,2020-08-20T12:36:32.986722,estk_ca17ff6a4752ffdb3a3fd2efe45d4190,evt_ca17ff6a4752ffdb,Harold Varner III,PGA,62.44,62.69,4,0.06,3.3800,3.3400,4.9900,1.8900
$250 Northern Trust,2020-08-20T12:36:32.986726,estk_ca17ff6a4752ffdb4fd2025821f57a83,evt_ca17ff6a4752ffdb,Brendon Todd,PGA,61.98,62.36,1,0.01,3.3700,3.2100,4.8700,1.7800
$250 Northern Trust,2020-08-20T12:36:32.986768,estk_ca17ff6a4752ffdb37a8104a8070199b,evt_ca17ff6a4752ffdb,Ryan Armour,PGA,63.26,60.83,2,0.07,2.8700,3.5800,4.6200,1.8800
$250 Northern Trust,2020-08-20T12:36:32.986783,estk_ca17ff6a4752ffdb40e1350656ce7a59,evt_ca17ff6a4752ffdb,Brian Stuard,PGA,59.61,60.03,4,0.06,2.6900,2.6500,4.2200,1.2700
$250 Northern Trust,2020-08-20T12:36:32.986800,estk_ca17ff6a4752ffdbc084ad91aa7b325e,evt_ca17ff6a4752ffdb,Brendan Steele,PGA,58.82,59.06,2,0.03,2.5300,2.4800,4.0700,1.3400
$250 Northern Trust,2020-08-20T12:36:32.986804,estk_ca17ff6a4752ffdb800e5acffcb2c354,evt_ca17ff6a4752ffdb,Bud Cauley,PGA,60.94,59.28,2,0.06,2.5200,2.9500,4.5600,1.1000
$250 Northern Trust,2020-08-20T12:36:32.986833,estk_ca17ff6a4752ffdbedbbe9a8a4e2367d,evt_ca17ff6a4752ffdb,Maverick McNealy,PGA,57.18,57.89,3,0.04,2.2800,2.1800,3.7300,
$250 Northern Trust,2020-08-20T12:36:32.986847,estk_ca17ff6a4752ffdb01c765712de170ec,evt_ca17ff6a4752ffdb,Sung Kang,PGA,56.79,57.38,4,0.06,2.1500,2.1300,3.6600,
$250 Northern Trust,2020-08-20T12:36:32.986895,estk_ca17ff6a4752ffdbbe7a33b803f85da5,evt_ca17ff6a4752ffdb,Harry Higgs,PGA,51.39,52.33,3,0.04,1.5100,1.4800,2.9800,
$250 Northern Trust,2020-08-20T12:36:32.986899,estk_ca17ff6a4752ffdb5936e6a0df92674f,evt_ca17ff6a4752ffdb,Xinjun Zhang,PGA,51.26,52.21,3,0.04,1.5000,1.4700,2.9600,
$250 Northern Trust,2020-08-20T12:46:33.552351,estk_ca17ff6a4752ffdbf659aa7b5b2176ee,evt_ca17ff6a4752ffdb,Collin Morikawa,PGA,78.58,78.79,1,0.01,11.4200,10.7700,13.2600,9.6000
$250 Northern Trust,2020-08-20T12:46:33.552381,estk_ca17ff6a4752ffdb077d445dd9eef8da,evt_ca17ff6a4752ffdb,Patrick Cantlay,PGA,77.93,78.59,3,0.03,11.2300,10.3800,12.8200,9.1800
$250 Northern Trust,2020-08-20T12:46:33.552387,estk_ca17ff6a4752ffdb503f60443b3bd112,evt_ca17ff6a4752ffdb,Webb Simpson,PGA,76.61,76.84,1,0.01,10.0800,9.5900,11.9300,8.3200
$250 Northern Trust,2020-08-20T12:46:33.552396,estk_ca17ff6a4752ffdbe0b5b2fc83a00c65,evt_ca17ff6a4752ffdb,Gary Woodland,PGA,74.87,75.62,3,0.03,9.3100,8.5900,11.3100,7.3100
$250 Northern Trust,2020-08-20T12:46:33.552411,estk_ca17ff6a4752ffdb6e48ec89ea29f9f8,evt_ca17ff6a4752ffdb,Justin Thomas,PGA,74.23,74.49,1,0.01,8.6900,8.2200,10.3800,7.0200
$250 Northern Trust,2020-08-20T12:46:33.552416,estk_ca17ff6a4752ffdb385c664e153f199a,evt_ca17ff6a4752ffdb,Rory McIlroy,PGA,74.87,74.62,2,0.03,8.6800,8.5800,10.7900,7.6400
$250 Northern Trust,2020-08-20T12:46:33.552428,estk_ca17ff6a4752ffdbfe200133ec8a6c41,evt_ca17ff6a4752ffdb,Tyrrell Hatton,PGA,71.22,72.51,2,0.01,7.5700,6.6800,9.1800,5.3700
$250 Northern Trust,2020-08-20T12:46:33.552436,estk_ca17ff6a4752ffdb33ae0bbc78db2949,evt_ca17ff6a4752ffdb,Dustin Johnson,PGA,70.22,72.41,5,0.04,7.4800,6.2000,9.1000,
$250 Northern Trust,2020-08-20T12:46:33.552443,estk_ca17ff6a4752ffdbc2291b803160b17e,evt_ca17ff6a4752ffdb,Daniel Berger,PGA,71.55,71.4,2,0.03,6.9400,6.8200,8.8300,5.4900
$250 Northern Trust,2020-08-20T12:46:33.552466,estk_ca17ff6a4752ffdb2203f644cb3905c3,evt_ca17ff6a4752ffdb,Jason Day,PGA,68.71,68.96,3,0.04,5.7100,5.5500,7.3200,4.7500
$250 Northern Trust,2020-08-20T12:46:33.552470,estk_ca17ff6a4752ffdbe84f621105202612,evt_ca17ff6a4752ffdb,Matt Kuchar,PGA,67.91,68.84,5,0.06,5.6400,5.1900,7.2500,3.9300
$250 Northern Trust,2020-08-20T12:46:33.552504,estk_ca17ff6a4752ffdba8b79a109f7cf8a2,evt_ca17ff6a4752ffdb,Byeong Hun An,PGA,68.97,67.9,1,0.03,5.3100,5.6500,,4.3500
$250 Northern Trust,2020-08-20T12:46:33.552519,estk_ca17ff6a4752ffdb439e82932be18fd4,evt_ca17ff6a4752ffdb,Ian Poulter,PGA,65.01,67.46,7,0.07,5.0500,4.1300,6.5400,3.4200
$250 Northern Trust,2020-08-20T12:46:33.552523,estk_ca17ff6a4752ffdb6ef252b94400baa3,evt_ca17ff6a4752ffdb,Adam Hadwin,PGA,66.89,67.21,3,0.04,5.0100,4.8100,6.5900,3.5500
$250 Northern Trust,2020-08-20T12:46:33.552567,estk_ca17ff6a4752ffdb91386b499e2742a4,evt_ca17ff6a4752ffdb,Ryan Moore,PGA,66.64,64.98,5,0.1,4.0300,4.7000,5.7700,2.5900
$250 Northern Trust,2020-08-20T12:46:33.552611,estk_ca17ff6a4752ffdb3a3fd2efe45d4190,evt_ca17ff6a4752ffdb,Harold Varner III,PGA,62.44,63.07,5,0.07,3.4800,3.3400,4.9900,1.8900
$250 Northern Trust,2020-08-20T12:46:33.552660,estk_ca17ff6a4752ffdb4fd2025821f57a83,evt_ca17ff6a4752ffdb,Brendon Todd,PGA,61.98,62.12,2,0.03,3.2600,3.2100,4.8700,1.7800
$250 Northern Trust,2020-08-20T12:46:33.552689,estk_ca17ff6a4752ffdb37a8104a8070199b,evt_ca17ff6a4752ffdb,Ryan Armour,PGA,63.26,61.2,3,0.08,2.9400,3.5800,4.6200,1.8800
$250 Northern Trust,2020-08-20T12:46:33.552704,estk_ca17ff6a4752ffdbc084ad91aa7b325e,evt_ca17ff6a4752ffdb,Brendan Steele,PGA,58.82,60.47,4,0.04,2.8300,2.4800,4.0700,1.3400
$250 Northern Trust,2020-08-20T12:46:33.552712,estk_ca17ff6a4752ffdbae4992823c10a96e,evt_ca17ff6a4752ffdb,Carlos Ortiz,PGA,59.64,60.25,3,0.04,2.7700,2.6400,4.2500,1.7300
$250 Northern Trust,2020-08-20T12:46:33.552716,estk_ca17ff6a4752ffdba994dc6df42c2b1e,evt_ca17ff6a4752ffdb,Nate Lashley,PGA,58.24,60.16,6,0.07,2.7100,2.3800,3.9300,3.4300
$250 Northern Trust,2020-08-20T12:46:33.552723,estk_ca17ff6a4752ffdbd3debc630a5f6602,evt_ca17ff6a4752ffdb,Cameron Champ,PGA,59.08,59.49,1,0.01,2.6600,2.5400,4.1100,1.0800
$250 Northern Trust,2020-08-20T12:46:33.552730,estk_ca17ff6a4752ffdb4be0d7fc77429fae,evt_ca17ff6a4752ffdb,Sepp Straka,PGA,60.39,59.77,3,0.06,2.6200,2.8200,4.4200,1.4400
$250 Northern Trust,2020-08-20T12:46:33.552751,estk_ca17ff6a4752ffdb0811efeafb376fee,evt_ca17ff6a4752ffdb,Michael Thompson,PGA,58.5,58.16,2,0.04,2.3200,2.4300,3.9700,1.3400
$250 Northern Trust,2020-08-20T12:46:33.552776,estk_ca17ff6a4752ffdb404d8fe8b6d05439,evt_ca17ff6a4752ffdb,Andrew Landry,PGA,57.49,57.19,2,0.04,2.1500,2.2500,3.7800,
$250 Northern Trust,2020-08-20T12:46:33.552825,estk_ca17ff6a4752ffdb4f70a08a1a272573,evt_ca17ff6a4752ffdb,Talor Gooch,PGA,52.02,52.9,4,0.06,1.5500,1.5400,3.0400,
$250 Northern Trust,2020-08-20T12:46:33.552836,estk_ca17ff6a4752ffdbbe7a33b803f85da5,evt_ca17ff6a4752ffdb,Harry Higgs,PGA,51.39,52.31,4,0.06,1.4800,1.4800,2.9800,2.4800
$250 Northern Trust,2020-08-20T12:46:33.552839,estk_ca17ff6a4752ffdb5936e6a0df92674f,evt_ca17ff6a4752ffdb,Xinjun Zhang,PGA,51.26,52.18,4,0.06,1.4800,1.4700,2.9600,
$250 Northern Trust,2020-08-20T12:46:33.552843,estk_ca17ff6a4752ffdba9cf9571ae8d1395,evt_ca17ff6a4752ffdb,Adam Long,PGA,50.76,51.25,1,0.01,1.4500,1.4300,2.9200,2.4200
$250 Northern Trust,2020-08-20T12:56:33.999913,estk_ca17ff6a4752ffdbf659aa7b5b2176ee,evt_ca17ff6a4752ffdb,Collin Morikawa,PGA,78.58,79.22,3,0.03,11.5900,10.7700,13.2600,9.6000
$250 Northern Trust,2020-08-20T12:56:33.999943,estk_ca17ff6a4752ffdb077d445dd9eef8da,evt_ca17ff6a4752ffdb,Patrick Cantlay,PGA,77.93,78.81,4,0.04,11.2900,10.3800,12.8200,9.1800
$250 Northern Trust,2020-08-20T12:56:33.999948,estk_ca17ff6a4752ffdb503f60443b3bd112,evt_ca17ff6a4752ffdb,Webb Simpson,PGA,76.61,76.31,2,0.03,9.7100,9.5900,11.4000,8.3200
$250 Northern Trust,2020-08-20T12:56:33.999958,estk_ca17ff6a4752ffdbe0b5b2fc83a00c65,evt_ca17ff6a4752ffdb,Gary Woodland,PGA,74.87,75.88,4,0.04,9.4400,8.5900,11.3100,7.3100
$250 Northern Trust,2020-08-20T12:56:33.999973,estk_ca17ff6a4752ffdb6e48ec89ea29f9f8,evt_ca17ff6a4752ffdb,Justin Thomas,PGA,74.23,74,2,0.03,8.3400,8.2200,10.3800,7.0300
$250 Northern Trust,2020-08-20T12:56:33.999981,estk_ca17ff6a4752ffdb514f8f232f286c88,evt_ca17ff6a4752ffdb,Tiger Woods,PGA,72.43,72.71,1,0.01,7.6200,7.3000,9.3500,5.9800
$250 Northern Trust,2020-08-20T12:56:33.999990,estk_ca17ff6a4752ffdbecdd9ee6a8267442,evt_ca17ff6a4752ffdb,Abraham Ancer,PGA,72.44,72.54,3,0.04,7.4800,7.2800,9.1300,5.9300
$250 Northern Trust,2020-08-20T12:56:34.000017,estk_ca17ff6a4752ffdb275b00a4c6134775,evt_ca17ff6a4752ffdb,Rickie Fowler,PGA,68.49,69.81,2,0.01,6.1800,5.4500,7.2800,4.5300
$250 Northern Trust,2020-08-20T12:56:34.000034,estk_ca17ff6a4752ffdb56ab6ba90ba02e56,evt_ca17ff6a4752ffdb,Joaquin Niemann,PGA,67.09,69.08,4,0.03,5.7900,4.8900,7.1700,3.4900
$250 Northern Trust,2020-08-20T12:56:34.000041,estk_ca17ff6a4752ffdbbf5c4810745af2e6,evt_ca17ff6a4752ffdb,Matthew Fitzpatrick,PGA,68.43,68.75,1,0.01,5.7100,5.4200,7.2800,4.0700
$250 Northern Trust,2020-08-20T12:56:34.000049,estk_ca17ff6a4752ffdb439e82932be18fd4,evt_ca17ff6a4752ffdb,Ian Poulter,PGA,65.01,68.81,9,0.08,5.5500,4.1300,7.1600,3.4500
$250 Northern Trust,2020-08-20T12:56:34.000061,estk_ca17ff6a4752ffdba8b79a109f7cf8a2,evt_ca17ff6a4752ffdb,Byeong Hun An,PGA,68.97,68.21,2,0.04,5.3500,5.6500,6.8700,4.2800
$250 Northern Trust,2020-08-20T12:56:34.000065,estk_ca17ff6a4752ffdbe84f621105202612,evt_ca17ff6a4752ffdb,Matt Kuchar,PGA,67.91,68.16,5,0.07,5.3400,5.1900,7.2500,3.9300
$250 Northern Trust,2020-08-20T12:56:34.000072,estk_ca17ff6a4752ffdbdc1e23aa4cb30164,evt_ca17ff6a4752ffdb,Marc Leishman,PGA,68.7,67.95,2,0.04,5.2600,5.5300,6.8700,4.1400
$250 Northern Trust,2020-08-20T12:56:34.000094,estk_ca17ff6a4752ffdb1ca8635140548cc5,evt_ca17ff6a4752ffdb,Harris English,PGA,64.79,66.85,4,0.03,4.8400,4.0500,6.4400,2.6800
$250 Northern Trust,2020-08-20T12:56:34.000116,estk_ca17ff6a4752ffdbd8f0d69f88d3691a,evt_ca17ff6a4752ffdb,Doc Redman,PGA,65.99,66.03,4,0.06,4.5000,4.4700,6.2500,3.1600
$250 Northern Trust,2020-08-20T12:56:34.000119,estk_ca17ff6a4752ffdb3544479351e1ff63,evt_ca17ff6a4752ffdb,Billy Horschel,PGA,63.88,65.96,4,0.03,4.4900,3.7700,6.0800,2.9200
$250 Northern Trust,2020-08-20T12:56:34.000123,estk_ca17ff6a4752ffdba5e32548021abe19,evt_ca17ff6a4752ffdb,Chez Reavie,PGA,63.09,66.04,8,0.08,4.4600,3.5400,5.8200,3.0900
$250 Northern Trust,2020-08-20T12:56:34.000131,estk_ca17ff6a4752ffdb467812ddab873919,evt_ca17ff6a4752ffdb,J.T. Poston,PGA,63.77,64.94,5,0.06,4.0800,3.7300,5.4100,2.5100
$250 Northern Trust,2020-08-20T12:56:34.000206,estk_ca17ff6a4752ffdb231a4d3b434acb3f,evt_ca17ff6a4752ffdb,Dylan Frittelli,PGA,60.54,60.93,1,0.01,3.0000,2.8500,4.4500,1.3900
$250 Northern Trust,2020-08-20T12:56:34.000227,estk_ca17ff6a4752ffdb37a8104a8070199b,evt_ca17ff6a4752ffdb,Ryan Armour,PGA,63.26,60.93,4,0.1,2.8200,3.5800,4.6200,1.8800
$250 Northern Trust,2020-08-20T12:56:34.000231,estk_ca17ff6a4752ffdba994dc6df42c2b1e,evt_ca17ff6a4752ffdb,Nate Lashley,PGA,58.24,60.58,7,0.08,2.7900,2.3800,3.9300,
$250 Northern Trust,2020-08-20T12:56:34.000239,estk_ca17ff6a4752ffdb40e1350656ce7a59,evt_ca17ff6a4752ffdb,Brian Stuard,PGA,59.61,60.44,5,0.07,2.7600,2.6500,4.2200,1.2700
$250 Northern Trust,2020-08-20T12:56:34.000243,estk_ca17ff6a4752ffdbae4992823c10a96e,evt_ca17ff6a4752ffdb,Carlos Ortiz,PGA,59.64,60.06,4,0.06,2.6900,2.6400,4.2500,1.7300
$250 Northern Trust,2020-08-20T12:56:34.000257,estk_ca17ff6a4752ffdb800e5acffcb2c354,evt_ca17ff6a4752ffdb,Bud Cauley,PGA,60.94,59.67,3,0.07,2.5700,2.9500,4.0500,1.1000
$250 Northern Trust,2020-08-20T12:56:34.000283,estk_ca17ff6a4752ffdb01c765712de170ec,evt_ca17ff6a4752ffdb,Sung Kang,PGA,56.79,57.81,5,0.07,2.2200,2.1300,3.6600,1.2300
$250 Northern Trust,2020-08-20T12:56:34.000286,estk_ca17ff6a4752ffdbedbbe9a8a4e2367d,evt_ca17ff6a4752ffdb,Maverick McNealy,PGA,57.18,57.75,4,0.06,2.2100,2.1800,3.7300,
$250 Northern Trust,2020-08-20T12:56:34.000301,estk_ca17ff6a4752ffdba0281ba5dadc7019,evt_ca17ff6a4752ffdb,Matt Jones,PGA,56.56,56.99,1,0.01,2.1600,2.0900,3.6200,
$250 Northern Trust,2020-08-20T12:56:34.000304,estk_ca17ff6a4752ffdb0811efeafb376fee,evt_ca17ff6a4752ffdb,Michael Thompson,PGA,58.5,56.99,2,0.06,2.0900,2.4300,3.9700,1.0200
$250 Northern Trust,2020-08-20T12:56:34.000308,estk_ca17ff6a4752ffdb404d8fe8b6d05439,evt_ca17ff6a4752ffdb,Andrew Landry,PGA,57.49,57.04,3,0.06,2.0900,2.2500,3.7800,
$250 Northern Trust,2020-08-20T12:56:34.000337,estk_ca17ff6a4752ffdb4f70a08a1a272573,evt_ca17ff6a4752ffdb,Talor Gooch,PGA,52.02,54.38,6,0.07,1.6900,1.5400,3.0400,
$250 Northern Trust,2020-08-20T12:56:34.000372,estk_ca17ff6a4752ffdbf94b7e5eca9035c7,evt_ca17ff6a4752ffdb,Cameron Tringale,PGA,49.93,51.43,2,0.01,1.4500,1.3800,2.8600,
$250 Northern Trust,2020-08-20T13:06:34.616884,estk_ca17ff6a4752ffdb385c664e153f199a,evt_ca17ff6a4752ffdb,Rory McIlroy,PGA,74.87,73.88,2,0.04,8.2700,8.5800,9.8800,7.2900
$250 Northern Trust,2020-08-20T13:06:34.616889,estk_ca17ff6a4752ffdbfe200133ec8a6c41,evt_ca17ff6a4752ffdb,Tyrrell Hatton,PGA,71.22,73.08,4,0.03,7.8400,6.6800,9.1800,5.9200
$250 Northern Trust,2020-08-20T13:06:34.616894,estk_ca17ff6a4752ffdbdb5881f101cec470,evt_ca17ff6a4752ffdb,Justin Rose,PGA,72.15,72.43,1,0.01,7.4900,7.1200,9.1400,5.8600
$250 Northern Trust,2020-08-20T13:06:34.616899,estk_ca17ff6a4752ffdb514f8f232f286c88,evt_ca17ff6a4752ffdb,Tiger Woods,PGA,72.43,72.26,2,0.03,7.4200,7.3000,9.3500,5.9800
$250 Northern Trust,2020-08-20T13:06:34.616903,estk_ca17ff6a4752ffdbecdd9ee6a8267442,evt_ca17ff6a4752ffdb,Abraham Ancer,PGA,72.44,72.09,4,0.06,7.2500,7.2800,9.1300,5.9300
$250 Northern Trust,2020-08-20T13:06:34.616907,estk_ca17ff6a4752ffdb33ae0bbc78db2949,evt_ca17ff6a4752ffdb,Dustin Johnson,PGA,70.22,72.01,6,0.06,7.1300,6.2000,9.1000,5.8300
$250 Northern Trust,2020-08-20T13:06:34.616912,estk_ca17ff6a4752ffdbc2291b803160b17e,evt_ca17ff6a4752ffdb,Daniel Berger,PGA,71.55,71.69,3,0.04,7.0500,6.8200,8.8300,5.4900
$250 Northern Trust,2020-08-20T13:06:34.616920,estk_ca17ff6a4752ffdb3116b24358a8f507,evt_ca17ff6a4752ffdb,Louis Oosthuizen,PGA,69.85,71.15,2,0.01,6.8200,6.0200,7.9700,5.1800
$250 Northern Trust,2020-08-20T13:06:34.616940,estk_ca17ff6a4752ffdb56ab6ba90ba02e56,evt_ca17ff6a4752ffdb,Joaquin Niemann,PGA,67.09,69.41,5,0.04,5.9400,4.8900,7.1700,4.2800
$250 Northern Trust,2020-08-20T13:06:34.616944,estk_ca17ff6a4752ffdbe84f621105202612,evt_ca17ff6a4752ffdb,Matt Kuchar,PGA,67.91,69.48,7,0.08,5.8600,5.1900,7.2500,4.2700
$250 Northern Trust,2020-08-20T13:06:34.616956,estk_ca17ff6a4752ffdb2203f644cb3905c3,evt_ca17ff6a4752ffdb,Jason Day,PGA,68.71,68.59,4,0.06,5.5300,5.5500,7.3200,4.1400
$250 Northern Trust,2020-08-20T13:06:34.616959,estk_ca17ff6a4752ffdbbf5c4810745af2e6,evt_ca17ff6a4752ffdb,Matthew Fitzpatrick,PGA,68.43,68.38,2,0.03,5.4600,5.4200,7.2800,4.1100
$250 Northern Trust,2020-08-20T13:06:34.616975,estk_ca17ff6a4752ffdb1ca8635140548cc5,evt_ca17ff6a4752ffdb,Harris English,PGA,64.79,68.2,6,0.04,5.3900,4.0500,6.9800,3.7600
$250 Northern Trust,2020-08-20T13:06:34.617000,estk_ca17ff6a4752ffdb6ef252b94400baa3,evt_ca17ff6a4752ffdb,Adam Hadwin,PGA,66.89,66.88,4,0.06,4.8000,4.8100,6.5900,3.5500
$250 Northern Trust,2020-08-20T13:06:34.617008,estk_ca17ff6a4752ffdbdc1e23aa4cb30164,evt_ca17ff6a4752ffdb,Marc Leishman,PGA,68.7,66.58,2,0.06,4.6800,5.5300,6.2700,3.6700
$250 Northern Trust,2020-08-20T13:06:34.617015,estk_ca17ff6a4752ffdb3544479351e1ff63,evt_ca17ff6a4752ffdb,Billy Horschel,PGA,63.88,66.32,5,0.04,4.6300,3.7700,6.0800,3.0700
$250 Northern Trust,2020-08-20T13:06:34.617023,estk_ca17ff6a4752ffdbd8f0d69f88d3691a,evt_ca17ff6a4752ffdb,Doc Redman,PGA,65.99,66.37,5,0.07,4.5900,4.4700,6.2500,3.1600
$250 Northern Trust,2020-08-20T13:06:34.617031,estk_ca17ff6a4752ffdb727afcd55bf28e15,evt_ca17ff6a4752ffdb,Brandt Snedeker,PGA,65.76,65.1,0,0.01,4.2300,4.3800,6.1200,2.9700
$250 Northern Trust,2020-08-20T13:06:34.617035,estk_ca17ff6a4752ffdb467812ddab873919,evt_ca17ff6a4752ffdb,J.T. Poston,PGA,63.77,65.31,6,0.07,4.2000,3.7300,5.4100,2.5100
$250 Northern Trust,2020-08-20T13:06:34.617086,estk_ca17ff6a4752ffdb4fd2025821f57a83,evt_ca17ff6a4752ffdb,Brendon Todd,PGA,61.98,62.5,3,0.04,3.3600,3.2100,4.8700,1.7800
$250 Northern Trust,2020-08-20T13:06:34.617093,estk_ca17ff6a4752ffdb3a3fd2efe45d4190,evt_ca17ff6a4752ffdb,Harold Varner III,PGA,62.44,62.44,5,0.08,3.2600,3.3400,4.9900,1.8900
$250 Northern Trust,2020-08-20T13:06:34.617118,estk_ca17ff6a4752ffdbc084ad91aa7b325e,evt_ca17ff6a4752ffdb,Brendan Steele,PGA,58.82,61.29,6,0.06,2.9900,2.4800,4.0700,1.4200
$250 Northern Trust,2020-08-20T13:06:34.617129,estk_ca17ff6a4752ffdb231a4d3b434acb3f,evt_ca17ff6a4752ffdb,Dylan Frittelli,PGA,60.54,60.72,2,0.03,2.9100,2.8500,4.4500,1.4300
$250 Northern Trust,2020-08-20T13:06:34.617133,estk_ca17ff6a4752ffdb37a8104a8070199b,evt_ca17ff6a4752ffdb,Ryan Armour,PGA,63.26,61.3,5,0.11,2.8900,3.5800,4.6200,1.8800
$250 Northern Trust,2020-08-20T13:06:34.617140,estk_ca17ff6a4752ffdb40e1350656ce7a59,evt_ca17ff6a4752ffdb,Brian Stuard,PGA,59.61,60.84,6,0.08,2.8300,2.6500,4.2200,1.2700
$250 Northern Trust,2020-08-20T13:06:34.617155,estk_ca17ff6a4752ffdb800e5acffcb2c354,evt_ca17ff6a4752ffdb,Bud Cauley,PGA,60.94,60.06,4,0.08,2.6500,2.9500,4.0500,1.1000
$250 Northern Trust,2020-08-20T13:06:34.617166,estk_ca17ff6a4752ffdb4be0d7fc77429fae,evt_ca17ff6a4752ffdb,Sepp Straka,PGA,60.39,59.16,3,0.07,2.4700,2.8200,4.4200,1.4400
$250 Northern Trust,2020-08-20T13:06:34.617170,estk_ca17ff6a4752ffdb4a18d062074b38a6,evt_ca17ff6a4752ffdb,Scott Brown,PGA,59.31,58.72,0,0.01,2.4600,2.5900,4.1600,1.1400
$250 Northern Trust,2020-08-20T13:06:34.617177,estk_ca17ff6a4752ffdbd3debc630a5f6602,evt_ca17ff6a4752ffdb,Cameron Champ,PGA,59.08,58.31,1,0.03,2.3900,2.5400,4.1100,1.0800
$250 Northern Trust,2020-08-20T13:06:34.617192,estk_ca17ff6a4752ffdbedbbe9a8a4e2367d,evt_ca17ff6a4752ffdb,Maverick McNealy,PGA,57.18,58.18,5,0.07,2.2800,2.1800,3.7300,
$250 Northern Trust,2020-08-20T13:06:34.617262,estk_ca17ff6a4752ffdbbe7a33b803f85da5,evt_ca17ff6a4752ffdb,Harry Higgs,PGA,51.39,52.79,5,0.07,1.5300,1.4800,2.9800,
$250 Northern Trust,2020-08-20T13:06:34.617265,estk_ca17ff6a4752ffdba9cf9571ae8d1395,evt_ca17ff6a4752ffdb,Adam Long,PGA,50.76,52.24,3,0.03,1.5200,1.4300,2.9200,
$250 Northern Trust,2020-08-20T13:06:34.617280,estk_ca17ff6a4752ffdb5936e6a0df92674f,evt_ca17ff6a4752ffdb,Xinjun Zhang,PGA,51.26,51.67,4,0.07,1.4300,1.4700,2.9600,
$250 Northern Trust,2020-08-20T13:16:35.227498,estk_ca17ff6a4752ffdbf659aa7b5b2176ee,evt_ca17ff6a4752ffdb,Collin Morikawa,PGA,78.58,79.44,4,0.04,11.8000,10.7700,13.2600,9.9100
$250 Northern Trust,2020-08-20T13:16:35.227528,estk_ca17ff6a4752ffdb077d445dd9eef8da,evt_ca17ff6a4752ffdb,Patrick Cantlay,PGA,77.93,79.25,6,0.06,11.6300,10.3800,13.3600,9.9400
$250 Northern Trust,2020-08-20T13:16:35.227539,estk_ca17ff6a4752ffdb503f60443b3bd112,evt_ca17ff6a4752ffdb,Webb Simpson,PGA,76.61,75.55,2,0.04,9.2700,9.5900,11.4000,8.3200
$250 Northern Trust,2020-08-20T13:16:35.227548,estk_ca17ff6a4752ffdbe0b5b2fc83a00c65,evt_ca17ff6a4752ffdb,Gary Woodland,PGA,74.87,75.38,5,0.06,9.1100,8.5900,11.3100,7.7100
$250 Northern Trust,2020-08-20T13:16:35.227556,estk_ca17ff6a4752ffdbfe200133ec8a6c41,evt_ca17ff6a4752ffdb,Tyrrell Hatton,PGA,71.22,74.37,6,0.04,8.5400,6.6800,10.2100,
$250 Northern Trust,2020-08-20T13:16:35.227561,estk_ca17ff6a4752ffdb6e48ec89ea29f9f8,evt_ca17ff6a4752ffdb,Justin Thomas,PGA,74.23,74.26,3,0.04,8.4700,8.2200,10.3800,7.0300
$250 Northern Trust,2020-08-20T13:16:35.227573,estk_ca17ff6a4752ffdb385c664e153f199a,evt_ca17ff6a4752ffdb,Rory McIlroy,PGA,74.87,72.38,2,0.06,7.4100,8.5800,9.0300,
$250 Northern Trust,2020-08-20T13:16:35.227600,estk_ca17ff6a4752ffdb3116b24358a8f507,evt_ca17ff6a4752ffdb,Louis Oosthuizen,PGA,69.85,70.75,3,0.03,6.6000,6.0200,8.4800,5.1800
$250 Northern Trust,2020-08-20T13:16:35.227612,estk_ca17ff6a4752ffdb275b00a4c6134775,evt_ca17ff6a4752ffdb,Rickie Fowler,PGA,68.49,69.44,3,0.03,5.9600,5.4500,7.8000,4.5500
$250 Northern Trust,2020-08-20T13:16:35.227624,estk_ca17ff6a4752ffdba8b79a109f7cf8a2,evt_ca17ff6a4752ffdb,Byeong Hun An,PGA,68.97,68.83,4,0.06,5.6500,5.6500,6.8700,4.2800
$250 Northern Trust,2020-08-20T13:16:35.227642,estk_ca17ff6a4752ffdb439e82932be18fd4,evt_ca17ff6a4752ffdb,Ian Poulter,PGA,65.01,68.51,10,0.1,5.4200,4.1300,7.1600,3.9800
$250 Northern Trust,2020-08-20T13:16:35.227669,estk_ca17ff6a4752ffdb8e366112314840d7,evt_ca17ff6a4752ffdb,Keegan Bradley,PGA,66.67,67,1,0.01,4.9500,4.7400,6.5100,3.9300
$250 Northern Trust,2020-08-20T13:16:35.227674,estk_ca17ff6a4752ffdb6ef252b94400baa3,evt_ca17ff6a4752ffdb,Adam Hadwin,PGA,66.89,67.21,5,0.07,4.9100,4.8100,6.5900,3.5500
$250 Northern Trust,2020-08-20T13:16:35.227681,estk_ca17ff6a4752ffdb1fc545ba8ac8cb0b,evt_ca17ff6a4752ffdb,Rory Sabbatini,PGA,66.15,66.49,1,0.01,4.7900,4.5300,6.2900,3.1500
$250 Northern Trust,2020-08-20T13:16:35.227700,estk_ca17ff6a4752ffdb2ab98d8a9a770fd5,evt_ca17ff6a4752ffdb,Jordan Spieth,PGA,67.41,65.74,-1,0.01,4.4600,5.0100,6.0400,3.6200
$250 Northern Trust,2020-08-20T13:16:35.227704,estk_ca17ff6a4752ffdba5e32548021abe19,evt_ca17ff6a4752ffdb,Chez Reavie,PGA,63.09,65.78,9,0.1,4.2800,3.5400,5.8200,3.0900
$250 Northern Trust,2020-08-20T13:16:35.227708,estk_ca17ff6a4752ffdbf0b722aa359b7f95,evt_ca17ff6a4752ffdb,Scott Piercy,PGA,63.7,65.06,2,0.01,4.2100,3.7000,5.4000,4.9000
$250 Northern Trust,2020-08-20T13:16:35.227712,estk_ca17ff6a4752ffdbe71bc53e996275e5,evt_ca17ff6a4752ffdb,Brian Gay,PGA,64.67,65.02,1,0.01,4.2000,4.0100,5.7100,2.6000
$250 Northern Trust,2020-08-20T13:16:35.227721,estk_ca17ff6a4752ffdb727afcd55bf28e15,evt_ca17ff6a4752ffdb,Brandt Snedeker,PGA,65.76,64.79,1,0.03,4.0900,4.3800,6.1200,2.9700
$250 Northern Trust,2020-08-20T13:16:35.227765,estk_ca17ff6a4752ffdb33cbfa0bc2c99848,evt_ca17ff6a4752ffdb,Charley Hoffman,PGA,61.13,62.52,2,0.01,3.4000,3.0000,4.6100,1.8300
$250 Northern Trust,2020-08-20T13:16:35.227769,estk_ca17ff6a4752ffdbc084ad91aa7b325e,evt_ca17ff6a4752ffdb,Brendan Steele,PGA,58.82,62.7,8,0.07,3.3300,2.4800,4.9000,1.4200
$250 Northern Trust,2020-08-20T13:16:35.227791,estk_ca17ff6a4752ffdb3a3fd2efe45d4190,evt_ca17ff6a4752ffdb,Harold Varner III,PGA,62.44,62.2,6,0.1,3.1600,3.3400,4.9900,1.8900
$250 Northern Trust,2020-08-20T13:16:35.227819,estk_ca17ff6a4752ffdb800e5acffcb2c354,evt_ca17ff6a4752ffdb,Bud Cauley,PGA,60.94,60.85,6,0.1,2.8100,2.9500,4.0500,1.2100
$250 Northern Trust,2020-08-20T13:16:35.227823,estk_ca17ff6a4752ffdbae4992823c10a96e,evt_ca17ff6a4752ffdb,Carlos Ortiz,PGA,59.64,60.47,5,0.07,2.7800,2.6400,4.2500,1.7300
$250 Northern Trust,2020-08-20T13:16:35.227831,estk_ca17ff6a4752ffdba994dc6df42c2b1e,evt_ca17ff6a4752ffdb,Nate Lashley,PGA,58.24,60.42,8,0.1,2.6800,2.3800,3.9300,1.2100
$250 Northern Trust,2020-08-20T13:16:35.227835,estk_ca17ff6a4752ffdbd3debc630a5f6602,evt_ca17ff6a4752ffdb,Cameron Champ,PGA,59.08,59.72,3,0.04,2.6400,2.5400,4.1100,1.0800
$250 Northern Trust,2020-08-20T13:16:35.227842,estk_ca17ff6a4752ffdb40e1350656ce7a59,evt_ca17ff6a4752ffdb,Brian Stuard,PGA,59.61,59.65,6,0.1,2.5200,2.6500,4.2200,1.2700
$250 Northern Trust,2020-08-20T13:16:35.227857,estk_ca17ff6a4752ffdb4be0d7fc77429fae,evt_ca17ff6a4752ffdb,Sepp Straka,PGA,60.39,58.56,3,0.08,2.3500,2.8200,3.9000,1.4400
$250 Northern Trust,2020-08-20T13:16:35.227869,estk_ca17ff6a4752ffdba0281ba5dadc7019,evt_ca17ff6a4752ffdb,Matt Jones,PGA,56.56,57.86,3,0.03,2.2800,2.0900,3.6200,1.2100
$250 Northern Trust,2020-08-20T13:16:35.227880,estk_ca17ff6a4752ffdb01c765712de170ec,evt_ca17ff6a4752ffdb,Sung Kang,PGA,56.79,58.25,6,0.08,2.2700,2.1300,3.6600,1.2300
$250 Northern Trust,2020-08-20T13:16:35.227894,estk_ca17ff6a4752ffdb404d8fe8b6d05439,evt_ca17ff6a4752ffdb,Andrew Landry,PGA,57.49,57.47,4,0.07,2.1400,2.2500,3.7800,1.2300
$250 Northern Trust,2020-08-20T13:16:35.227898,estk_ca17ff6a4752ffdb0811efeafb376fee,evt_ca17ff6a4752ffdb,Michael Thompson,PGA,58.5,57.4,3,0.07,2.1100,2.4300,3.9700,1.0200
$250 Northern Trust,2020-08-20T13:16:35.227923,estk_ca17ff6a4752ffdb408e07cab14ecb5c,evt_ca17ff6a4752ffdb,Kyoung-Hoon Lee,PGA,52.92,54.39,2,0.01,1.7700,1.6300,3.1100,
$250 Northern Trust,2020-08-20T13:16:35.227927,estk_ca17ff6a4752ffdb4f70a08a1a272573,evt_ca17ff6a4752ffdb,Talor Gooch,PGA,52.02,54.86,7,0.08,1.7400,1.5400,3.0400,
$250 Northern Trust,2020-08-20T13:16:35.227934,estk_ca17ff6a4752ffdba9cf9571ae8d1395,evt_ca17ff6a4752ffdb,Adam Long,PGA,50.76,53.73,5,0.04,1.6500,1.4300,2.9200,
$250 Northern Trust,2020-08-20T13:16:35.227949,estk_ca17ff6a4752ffdbbe7a33b803f85da5,evt_ca17ff6a4752ffdb,Harry Higgs,PGA,51.39,53.28,6,0.08,1.5600,1.4800,2.9800,
$250 Northern Trust,2020-08-20T13:16:35.227961,estk_ca17ff6a4752ffdb5936e6a0df92674f,evt_ca17ff6a4752ffdb,Xinjun Zhang,PGA,51.26,52.16,5,0.08,1.4500,1.4700,2.9600,
$250 Northern Trust,2020-08-20T13:16:35.227964,estk_ca17ff6a4752ffdbf94b7e5eca9035c7,evt_ca17ff6a4752ffdb,Cameron Tringale,PGA,49.93,51.43,3,0.03,1.4500,1.3800,2.8600,
$250 Northern Trust,2020-08-20T13:26:35.750429,estk_ca17ff6a4752ffdb514f8f232f286c88,evt_ca17ff6a4752ffdb,Tiger Woods,PGA,72.43,72.53,3,0.04,7.5200,7.3000,9.3500,5.9800
$250 Northern Trust,2020-08-20T13:26:35.750442,estk_ca17ff6a4752ffdb33ae0bbc78db2949,evt_ca17ff6a4752ffdb,Dustin Johnson,PGA,70.22,72.3,7,0.07,7.3100,6.2000,9.1000,5.8300
$250 Northern Trust,2020-08-20T13:26:35.750450,estk_ca17ff6a4752ffdbecdd9ee6a8267442,evt_ca17ff6a4752ffdb,Abraham Ancer,PGA,72.44,71.37,4,0.07,6.8200,7.2800,9.1300,5.9300
$250 Northern Trust,2020-08-20T13:26:35.750461,estk_ca17ff6a4752ffdbc2291b803160b17e,evt_ca17ff6a4752ffdb,Daniel Berger,PGA,71.55,70.26,3,0.06,6.2800,6.8200,8.8300,5.4900
$250 Northern Trust,2020-08-20T13:26:35.750468,estk_ca17ff6a4752ffdb2203f644cb3905c3,evt_ca17ff6a4752ffdb,Jason Day,PGA,68.71,69.9,6,0.07,6.1100,5.5500,7.3200,4.1400
$250 Northern Trust,2020-08-20T13:26:35.750472,estk_ca17ff6a4752ffdb275b00a4c6134775,evt_ca17ff6a4752ffdb,Rickie Fowler,PGA,68.49,69.75,4,0.04,6.0900,5.4500,7.8000,4.5300
$250 Northern Trust,2020-08-20T13:26:35.750484,estk_ca17ff6a4752ffdbe84f621105202612,evt_ca17ff6a4752ffdb,Matt Kuchar,PGA,67.91,69.12,8,0.1,5.6700,5.1900,7.2500,4.2700
$250 Northern Trust,2020-08-20T13:26:35.750496,estk_ca17ff6a4752ffdb439e82932be18fd4,evt_ca17ff6a4752ffdb,Ian Poulter,PGA,65.01,68.86,11,0.11,5.5500,4.1300,7.1600,3.9800
$250 Northern Trust,2020-08-20T13:26:35.750523,estk_ca17ff6a4752ffdbd8f0d69f88d3691a,evt_ca17ff6a4752ffdb,Doc Redman,PGA,65.99,67.71,7,0.08,5.0800,4.4700,6.2500,3.4800
$250 Northern Trust,2020-08-20T13:26:35.750545,estk_ca17ff6a4752ffdbbf5c4810745af2e6,evt_ca17ff6a4752ffdb,Matthew Fitzpatrick,PGA,68.43,66.69,1,0.04,4.7400,5.4200,7.2800,4.0700
$250 Northern Trust,2020-08-20T13:26:35.750556,estk_ca17ff6a4752ffdbdc1e23aa4cb30164,evt_ca17ff6a4752ffdb,Marc Leishman,PGA,68.7,65.89,2,0.07,4.4100,5.5300,6.2700,3.1500
$250 Northern Trust,2020-08-20T13:26:35.750560,estk_ca17ff6a4752ffdb2ab98d8a9a770fd5,evt_ca17ff6a4752ffdb,Jordan Spieth,PGA,67.41,65.39,0,0.03,4.3100,5.0100,6.0400,3.6100
$250 Northern Trust,2020-08-20T13:26:35.750568,estk_ca17ff6a4752ffdb467812ddab873919,evt_ca17ff6a4752ffdb,J.T. Poston,PGA,63.77,65.67,7,0.08,4.2800,3.7300,5.4100,2.6600
$250 Northern Trust,2020-08-20T13:26:35.750633,estk_ca17ff6a4752ffdb4fd2025821f57a83,evt_ca17ff6a4752ffdb,Brendon Todd,PGA,61.98,62.26,4,0.06,3.2500,3.2100,4.8700,1.7800
$250 Northern Trust,2020-08-20T13:26:35.750658,estk_ca17ff6a4752ffdb231a4d3b434acb3f,evt_ca17ff6a4752ffdb,Dylan Frittelli,PGA,60.54,61.12,3,0.04,2.9800,2.8500,4.4500,1.4300
$250 Northern Trust,2020-08-20T13:26:35.750674,estk_ca17ff6a4752ffdb37a8104a8070199b,evt_ca17ff6a4752ffdb,Ryan Armour,PGA,63.26,61.04,6,0.13,2.8100,3.5800,4.6200,1.8800
$250 Northern Trust,2020-08-20T13:26:35.750713,estk_ca17ff6a4752ffdb01c765712de170ec,evt_ca17ff6a4752ffdb,Sung Kang,PGA,56.79,59.11,8,0.1,2.3800,2.1300,3.6600,1.2300
$250 Northern Trust,2020-08-20T13:26:35.750720,estk_ca17ff6a4752ffdba0281ba5dadc7019,evt_ca17ff6a4752ffdb,Matt Jones,PGA,56.56,58.3,4,0.04,2.3500,2.0900,3.6200,1.2100
$250 Northern Trust,2020-08-20T13:26:35.750727,estk_ca17ff6a4752ffdbedbbe9a8a4e2367d,evt_ca17ff6a4752ffdb,Maverick McNealy,PGA,57.18,58.61,6,0.08,2.3400,2.1800,3.7300,
$250 Northern Trust,2020-08-20T13:26:35.750767,estk_ca17ff6a4752ffdb8145ed04e6806109,evt_ca17ff6a4752ffdb,Beau Hossler,PGA,54.73,55.18,1,0.01,1.8800,1.8300,3.3400,
$250 Northern Trust,2020-08-20T13:26:35.750786,estk_ca17ff6a4752ffdb4f70a08a1a272573,evt_ca17ff6a4752ffdb,Talor Gooch,PGA,52.02,54.82,8,0.1,1.7200,1.5400,3.0400,
$250 Northern Trust,2020-08-20T13:26:35.750803,estk_ca17ff6a4752ffdbf94b7e5eca9035c7,evt_ca17ff6a4752ffdb,Cameron Tringale,PGA,49.93,52.93,5,0.04,1.5700,1.3800,2.8600,
$250 Northern Trust,2020-08-20T13:26:35.750807,estk_ca17ff6a4752ffdbbe7a33b803f85da5,evt_ca17ff6a4752ffdb,Harry Higgs,PGA,51.39,53.25,7,0.1,1.5400,1.4800,2.9800,
$250 Northern Trust,2020-08-20T13:36:36.338487,estk_ca17ff6a4752ffdb077d445dd9eef8da,evt_ca17ff6a4752ffdb,Patrick Cantlay,PGA,77.93,79.47,7,0.07,11.8300,10.3800,13.3600,9.8000
$250 Northern Trust,2020-08-20T13:36:36.338517,estk_ca17ff6a4752ffdbf659aa7b5b2176ee,evt_ca17ff6a4752ffdb,Collin Morikawa,PGA,78.58,78.87,5,0.06,11.4500,10.7700,13.2600,10.0200
$250 Northern Trust,2020-08-20T13:36:36.338531,estk_ca17ff6a4752ffdbe0b5b2fc83a00c65,evt_ca17ff6a4752ffdb,Gary Woodland,PGA,74.87,75.63,6,0.07,9.2900,8.5900,10.7300,7.7100
$250 Northern Trust,2020-08-20T13:36:36.338535,estk_ca17ff6a4752ffdb503f60443b3bd112,evt_ca17ff6a4752ffdb,Webb Simpson,PGA,76.61,75.01,3,0.06,8.9600,9.5900,10.8900,8.0300
$250 Northern Trust,2020-08-20T13:36:36.338553,estk_ca17ff6a4752ffdb6e48ec89ea29f9f8,evt_ca17ff6a4752ffdb,Justin Thomas,PGA,74.23,73.78,4,0.06,8.1900,8.2200,10.3800,7.0300
$250 Northern Trust,2020-08-20T13:36:36.338557,estk_ca17ff6a4752ffdbdb5881f101cec470,evt_ca17ff6a4752ffdb,Justin Rose,PGA,72.15,72.99,3,0.03,7.7700,7.1200,9.1400,5.8700
$250 Northern Trust,2020-08-20T13:36:36.338565,estk_ca17ff6a4752ffdb385c664e153f199a,evt_ca17ff6a4752ffdb,Rory McIlroy,PGA,74.87,72.63,3,0.07,7.5200,8.5800,9.0300,5.7200
$250 Northern Trust,2020-08-20T13:36:36.338573,estk_ca17ff6a4752ffdbecdd9ee6a8267442,evt_ca17ff6a4752ffdb,Abraham Ancer,PGA,72.44,71.64,5,0.08,6.9700,7.2800,8.4600,5.8900
$250 Northern Trust,2020-08-20T13:36:36.338581,estk_ca17ff6a4752ffdb3116b24358a8f507,evt_ca17ff6a4752ffdb,Louis Oosthuizen,PGA,69.85,71.06,4,0.04,6.7300,6.0200,8.4800,5.1800
$250 Northern Trust,2020-08-20T13:36:36.338589,estk_ca17ff6a4752ffdbc2291b803160b17e,evt_ca17ff6a4752ffdb,Daniel Berger,PGA,71.55,70.54,4,0.07,6.4300,6.8200,7.9100,5.2700
$250 Northern Trust,2020-08-20T13:36:36.338593,estk_ca17ff6a4752ffdb2203f644cb3905c3,evt_ca17ff6a4752ffdb,Jason Day,PGA,68.71,70.21,7,0.08,6.2700,5.5500,7.3200,4.4900
$250 Northern Trust,2020-08-20T13:36:36.338609,estk_ca17ff6a4752ffdba8b79a109f7cf8a2,evt_ca17ff6a4752ffdb,Byeong Hun An,PGA,68.97,69.14,5,0.07,5.7700,5.6500,6.8700,4.2800
$250 Northern Trust,2020-08-20T13:36:36.338617,estk_ca17ff6a4752ffdb1ca8635140548cc5,evt_ca17ff6a4752ffdb,Harris English,PGA,64.79,68.9,8,0.06,5.6100,4.0500,6.9800,3.8000
$250 Northern Trust,2020-08-20T13:36:36.338640,estk_ca17ff6a4752ffdb56ab6ba90ba02e56,evt_ca17ff6a4752ffdb,Joaquin Niemann,PGA,67.09,68.06,5,0.06,5.2900,4.8900,7.1700,4.3000
$250 Northern Trust,2020-08-20T13:36:36.338655,estk_ca17ff6a4752ffdb6ef252b94400baa3,evt_ca17ff6a4752ffdb,Adam Hadwin,PGA,66.89,67.54,6,0.08,5.0000,4.8100,6.5900,3.5500
$250 Northern Trust,2020-08-20T13:36:36.338677,estk_ca17ff6a4752ffdb1fc545ba8ac8cb0b,evt_ca17ff6a4752ffdb,Rory Sabbatini,PGA,66.15,66.17,2,0.03,4.5700,4.5300,6.2900,3.1900
$250 Northern Trust,2020-08-20T13:36:36.338681,estk_ca17ff6a4752ffdb3544479351e1ff63,evt_ca17ff6a4752ffdb,Billy Horschel,PGA,63.88,66.05,6,0.06,4.4800,3.7700,6.0800,3.0700
$250 Northern Trust,2020-08-20T13:36:36.338684,estk_ca17ff6a4752ffdba5e32548021abe19,evt_ca17ff6a4752ffdb,Chez Reavie,PGA,63.09,66.15,10,0.11,4.4400,3.5400,5.8200,3.0900
$250 Northern Trust,2020-08-20T13:36:36.338688,estk_ca17ff6a4752ffdb2ab98d8a9a770fd5,evt_ca17ff6a4752ffdb,Jordan Spieth,PGA,67.41,65.71,1,0.04,4.4000,5.0100,6.0400,3.0900
$250 Northern Trust,2020-08-20T13:36:36.338701,estk_ca17ff6a4752ffdb727afcd55bf28e15,evt_ca17ff6a4752ffdb,Brandt Snedeker,PGA,65.76,65.13,2,0.04,4.1800,4.3800,6.1200,2.9700
$250 Northern Trust,2020-08-20T13:36:36.338704,estk_ca17ff6a4752ffdbe71bc53e996275e5,evt_ca17ff6a4752ffdb,Brian Gay,PGA,64.67,64.73,2,0.03,4.0400,4.0100,5.7100,2.6200
$250 Northern Trust,2020-08-20T13:36:36.338720,estk_ca17ff6a4752ffdbf0b722aa359b7f95,evt_ca17ff6a4752ffdb,Scott Piercy,PGA,63.7,63.79,2,0.03,3.7500,3.7000,5.4000,2.6600
$250 Northern Trust,2020-08-20T13:36:36.338749,estk_ca17ff6a4752ffdbc084ad91aa7b325e,evt_ca17ff6a4752ffdb,Brendan Steele,PGA,58.82,63.11,9,0.08,3.4400,2.4800,4.9000,1.8000
$250 Northern Trust,2020-08-20T13:36:36.338763,estk_ca17ff6a4752ffdb4fd2025821f57a83,evt_ca17ff6a4752ffdb,Brendon Todd,PGA,61.98,62.64,5,0.07,3.3100,3.2100,4.8700,1.7800
$250 Northern Trust,2020-08-20T13:36:36.338775,estk_ca17ff6a4752ffdb3a3fd2efe45d4190,evt_ca17ff6a4752ffdb,Harold Varner III,PGA,62.44,62.57,7,0.11,3.2000,3.3400,4.9900,1.8900
$250 Northern Trust,2020-08-20T13:36:36.338786,estk_ca17ff6a4752ffdb800e5acffcb2c354,evt_ca17ff6a4752ffdb,Bud Cauley,PGA,60.94,62.24,8,0.11,3.1200,2.9500,4.0500,1.2600
$250 Northern Trust,2020-08-20T13:36:36.338790,estk_ca17ff6a4752ffdbae4992823c10a96e,evt_ca17ff6a4752ffdb,Carlos Ortiz,PGA,59.64,61.68,8,0.1,3.0100,2.6400,4.2500,1.7300
$250 Northern Trust,2020-08-20T13:36:36.338813,estk_ca17ff6a4752ffdb4a18d062074b38a6,evt_ca17ff6a4752ffdb,Scott Brown,PGA,59.31,60.94,4,0.04,2.9000,2.5900,4.1600,1.1400
$250 Northern Trust,2020-08-20T13:36:36.338817,estk_ca17ff6a4752ffdb37a8104a8070199b,evt_ca17ff6a4752ffdb,Ryan Armour,PGA,63.26,61.4,7,0.14,2.8600,3.5800,4.6200,1.8800
$250 Northern Trust,2020-08-20T13:36:36.338824,estk_ca17ff6a4752ffdba994dc6df42c2b1e,evt_ca17ff6a4752ffdb,Nate Lashley,PGA,58.24,60.83,9,0.11,2.7700,2.3800,3.9300,1.2100
$250 Northern Trust,2020-08-20T13:36:36.338836,estk_ca17ff6a4752ffdb40e1350656ce7a59,evt_ca17ff6a4752ffdb,Brian Stuard,PGA,59.61,60.05,7,0.11,2.5800,2.6500,4.2200,1.2700
$250 Northern Trust,2020-08-20T13:36:36.338847,estk_ca17ff6a4752ffdb01c765712de170ec,evt_ca17ff6a4752ffdb,Sung Kang,PGA,56.79,59.54,9,0.11,2.4500,2.1300,3.6600,1.2300
$250 Northern Trust,2020-08-20T13:36:36.338854,estk_ca17ff6a4752ffdb404d8fe8b6d05439,evt_ca17ff6a4752ffdb,Andrew Landry,PGA,57.49,58.89,6,0.08,2.3900,2.2500,3.7800,1.2300
$250 Northern Trust,2020-08-20T13:36:36.338873,estk_ca17ff6a4752ffdb4be0d7fc77429fae,evt_ca17ff6a4752ffdb,Sepp Straka,PGA,60.39,58.35,4,0.1,2.2500,2.8200,3.9000,1.4400
$250 Northern Trust,2020-08-20T13:36:36.338880,estk_ca17ff6a4752ffdb0811efeafb376fee,evt_ca17ff6a4752ffdb,Michael Thompson,PGA,58.5,57.82,4,0.08,2.1800,2.4300,3.9700,1.0200
$250 Northern Trust,2020-08-20T13:36:36.338905,estk_ca17ff6a4752ffdb8145ed04e6806109,evt_ca17ff6a4752ffdb,Beau Hossler,PGA,54.73,55.09,2,0.03,1.8200,1.8300,3.3400,
$250 Northern Trust,2020-08-20T13:36:36.338966,estk_ca17ff6a4752ffdb5936e6a0df92674f,evt_ca17ff6a4752ffdb,Xinjun Zhang,PGA,51.26,51.13,5,0.1,1.3400,1.4700,2.9600,
$250 Northern Trust,2020-08-20T13:46:36.860147,estk_ca17ff6a4752ffdbdb5881f101cec470,evt_ca17ff6a4752ffdb,Justin Rose,PGA,72.15,74.26,5,0.04,8.5300,7.1200,10.2800,6.9400
$250 Northern Trust,2020-08-20T13:46:36.860170,estk_ca17ff6a4752ffdb33ae0bbc78db2949,evt_ca17ff6a4752ffdb,Dustin Johnson,PGA,70.22,72.6,8,0.08,7.5200,6.2000,9.1000,5.8300
$250 Northern Trust,2020-08-20T13:46:36.860215,estk_ca17ff6a4752ffdbe84f621105202612,evt_ca17ff6a4752ffdb,Matt Kuchar,PGA,67.91,69.44,9,0.11,5.8000,5.1900,7.2500,4.2700
$250 Northern Trust,2020-08-20T13:46:36.860242,estk_ca17ff6a4752ffdbd8f0d69f88d3691a,evt_ca17ff6a4752ffdb,Doc Redman,PGA,65.99,68.39,9,0.1,5.3700,4.4700,6.6900,3.7300
$250 Northern Trust,2020-08-20T13:46:36.860306,estk_ca17ff6a4752ffdb467812ddab873919,evt_ca17ff6a4752ffdb,J.T. Poston,PGA,63.77,65.39,8,0.1,4.1400,3.7300,5.4100,2.6600
$250 Northern Trust,2020-08-20T13:46:36.860321,estk_ca17ff6a4752ffdbe71bc53e996275e5,evt_ca17ff6a4752ffdb,Brian Gay,PGA,64.67,64.08,2,0.04,3.7700,4.0100,5.7100,2.6200
$250 Northern Trust,2020-08-20T13:46:36.860340,estk_ca17ff6a4752ffdb33cbfa0bc2c99848,evt_ca17ff6a4752ffdb,Charley Hoffman,PGA,61.13,63.3,4,0.03,3.5700,3.0000,5.1400,2.0100
$250 Northern Trust,2020-08-20T13:46:36.860469,estk_ca17ff6a4752ffdbedbbe9a8a4e2367d,evt_ca17ff6a4752ffdb,Maverick McNealy,PGA,57.18,58.46,7,0.1,2.2300,2.1800,3.7300,
$250 Northern Trust,2020-08-20T13:46:36.860490,estk_ca17ff6a4752ffdb0811efeafb376fee,evt_ca17ff6a4752ffdb,Michael Thompson,PGA,58.5,57.65,5,0.1,2.1000,2.4300,3.9700,1.0200
$250 Northern Trust,2020-08-20T13:46:36.860505,estk_ca17ff6a4752ffdb4f70a08a1a272573,evt_ca17ff6a4752ffdb,Talor Gooch,PGA,52.02,56.3,10,0.11,1.8400,1.5400,3.0400,
$250 Northern Trust,2020-08-20T13:46:36.860523,estk_ca17ff6a4752ffdba9cf9571ae8d1395,evt_ca17ff6a4752ffdb,Adam Long,PGA,50.76,54.71,7,0.06,1.7000,1.4300,2.9200,
$250 Northern Trust,2020-08-20T13:46:36.860527,estk_ca17ff6a4752ffdb408e07cab14ecb5c,evt_ca17ff6a4752ffdb,Kyoung-Hoon Lee,PGA,52.92,54.33,3,0.03,1.6800,1.6300,3.1100,
$250 Northern Trust,2020-08-20T13:56:37.292386,estk_ca17ff6a4752ffdb077d445dd9eef8da,evt_ca17ff6a4752ffdb,Patrick Cantlay,PGA,77.93,79.7,8,0.08,12.1500,10.3800,13.8900,10.3200
$250 Northern Trust,2020-08-20T13:56:37.292421,estk_ca17ff6a4752ffdbf659aa7b5b2176ee,evt_ca17ff6a4752ffdb,Collin Morikawa,PGA,78.58,79.08,6,0.07,11.7300,10.7700,13.2600,9.9300
$250 Northern Trust,2020-08-20T13:56:37.292432,estk_ca17ff6a4752ffdbe0b5b2fc83a00c65,evt_ca17ff6a4752ffdb,Gary Woodland,PGA,74.87,75.88,7,0.08,9.5100,8.5900,10.7900,7.7700
$250 Northern Trust,2020-08-20T13:56:37.292440,estk_ca17ff6a4752ffdb503f60443b3bd112,evt_ca17ff6a4752ffdb,Webb Simpson,PGA,76.61,75.25,4,0.07,9.1500,9.5900,10.8900,7.6000
$250 Northern Trust,2020-08-20T13:56:37.292457,estk_ca17ff6a4752ffdbfe200133ec8a6c41,evt_ca17ff6a4752ffdb,Tyrrell Hatton,PGA,71.22,73.95,7,0.06,8.3700,6.6800,10.2100,6.9800
$250 Northern Trust,2020-08-20T13:56:37.292461,estk_ca17ff6a4752ffdb385c664e153f199a,evt_ca17ff6a4752ffdb,Rory McIlroy,PGA,74.87,73.88,5,0.08,8.3300,8.5800,9.9000,6.6600
$250 Northern Trust,2020-08-20T13:56:37.292465,estk_ca17ff6a4752ffdb6e48ec89ea29f9f8,evt_ca17ff6a4752ffdb,Justin Thomas,PGA,74.23,73.03,4,0.07,7.7900,8.2200,9.8500,6.8000
$250 Northern Trust,2020-08-20T13:56:37.292469,estk_ca17ff6a4752ffdb33ae0bbc78db2949,evt_ca17ff6a4752ffdb,Dustin Johnson,PGA,70.22,72.2,9,0.1,7.2900,6.2000,9.1000,5.8300
$250 Northern Trust,2020-08-20T13:56:37.292481,estk_ca17ff6a4752ffdb514f8f232f286c88,evt_ca17ff6a4752ffdb,Tiger Woods,PGA,72.43,71.08,3,0.06,6.7500,7.3000,8.4000,5.7300
$250 Northern Trust,2020-08-20T13:56:37.292489,estk_ca17ff6a4752ffdbecdd9ee6a8267442,evt_ca17ff6a4752ffdb,Abraham Ancer,PGA,72.44,71.2,6,0.1,6.7300,7.2800,8.4600,5.6000
$250 Northern Trust,2020-08-20T13:56:37.292493,estk_ca17ff6a4752ffdbc2291b803160b17e,evt_ca17ff6a4752ffdb,Daniel Berger,PGA,71.55,70.83,5,0.08,6.5800,6.8200,7.9100,5.2700
$250 Northern Trust,2020-08-20T13:56:37.292497,estk_ca17ff6a4752ffdb275b00a4c6134775,evt_ca17ff6a4752ffdb,Rickie Fowler,PGA,68.49,70.38,6,0.06,6.4400,5.4500,7.8000,4.7800
$250 Northern Trust,2020-08-20T13:56:37.292512,estk_ca17ff6a4752ffdba8b79a109f7cf8a2,evt_ca17ff6a4752ffdb,Byeong Hun An,PGA,68.97,69.45,6,0.08,5.9200,5.6500,7.3500,4.2900
$250 Northern Trust,2020-08-20T13:56:37.292520,estk_ca17ff6a4752ffdb1ca8635140548cc5,evt_ca17ff6a4752ffdb,Harris English,PGA,64.79,69.25,9,0.07,5.8300,4.0500,6.9800,4.0500
$250 Northern Trust,2020-08-20T13:56:37.292535,estk_ca17ff6a4752ffdb56ab6ba90ba02e56,evt_ca17ff6a4752ffdb,Joaquin Niemann,PGA,67.09,68.39,6,0.07,5.4500,4.8900,7.1700,4.3000
$250 Northern Trust,2020-08-20T13:56:37.292539,estk_ca17ff6a4752ffdb439e82932be18fd4,evt_ca17ff6a4752ffdb,Ian Poulter,PGA,65.01,68.56,12,0.13,5.3900,4.1300,7.1600,3.9800
$250 Northern Trust,2020-08-20T13:56:37.292568,estk_ca17ff6a4752ffdb1fc545ba8ac8cb0b,evt_ca17ff6a4752ffdb,Rory Sabbatini,PGA,66.15,66.5,3,0.04,4.7100,4.5300,6.2900,3.1900
$250 Northern Trust,2020-08-20T13:56:37.292575,estk_ca17ff6a4752ffdb3544479351e1ff63,evt_ca17ff6a4752ffdb,Billy Horschel,PGA,63.88,66.41,7,0.07,4.5900,3.7700,6.0800,3.0700
$250 Northern Trust,2020-08-20T13:56:37.292579,estk_ca17ff6a4752ffdbdc1e23aa4cb30164,evt_ca17ff6a4752ffdb,Marc Leishman,PGA,68.7,66.2,3,0.08,4.4800,5.5300,6.2700,3.1500
$250 Northern Trust,2020-08-20T13:56:37.292586,estk_ca17ff6a4752ffdb8e366112314840d7,evt_ca17ff6a4752ffdb,Keegan Bradley,PGA,66.67,65.67,1,0.03,4.3800,4.7400,5.9700,3.3500
$250 Northern Trust,2020-08-20T13:56:37.292590,estk_ca17ff6a4752ffdba5e32548021abe19,evt_ca17ff6a4752ffdb,Chez Reavie,PGA,63.09,65.89,11,0.13,4.2800,3.5400,5.8200,3.0900
$250 Northern Trust,2020-08-20T13:56:37.292594,estk_ca17ff6a4752ffdbbf5c4810745af2e6,evt_ca17ff6a4752ffdb,Matthew Fitzpatrick,PGA,68.43,65.32,1,0.06,4.2100,5.4200,5.8000,3.1700
$250 Northern Trust,2020-08-20T13:56:37.292606,estk_ca17ff6a4752ffdb727afcd55bf28e15,evt_ca17ff6a4752ffdb,Brandt Snedeker,PGA,65.76,64.81,3,0.06,4.0100,4.3800,5.5700,2.9700
$250 Northern Trust,2020-08-20T13:56:37.292610,estk_ca17ff6a4752ffdb33cbfa0bc2c99848,evt_ca17ff6a4752ffdb,Charley Hoffman,PGA,61.13,64.68,6,0.04,4.0000,3.0000,5.1500,2.4700
$250 Northern Trust,2020-08-20T13:56:37.292642,estk_ca17ff6a4752ffdbf0b722aa359b7f95,evt_ca17ff6a4752ffdb,Scott Piercy,PGA,63.7,64.15,3,0.04,3.8300,3.7000,5.4000,4.9000
$250 Northern Trust,2020-08-20T13:56:37.292652,estk_ca17ff6a4752ffdb4fd2025821f57a83,evt_ca17ff6a4752ffdb,Brendon Todd,PGA,61.98,64.02,7,0.08,3.7400,3.2100,4.8700,2.1600
$250 Northern Trust,2020-08-20T13:56:37.292695,estk_ca17ff6a4752ffdb800e5acffcb2c354,evt_ca17ff6a4752ffdb,Bud Cauley,PGA,60.94,63.02,10,0.13,3.3100,2.9500,4.6800,1.7300
$250 Northern Trust,2020-08-20T13:56:37.292710,estk_ca17ff6a4752ffdb3a3fd2efe45d4190,evt_ca17ff6a4752ffdb,Harold Varner III,PGA,62.44,62.32,8,0.13,3.1300,3.3400,4.9900,1.8900
$250 Northern Trust,2020-08-20T13:56:37.292736,estk_ca17ff6a4752ffdb231a4d3b434acb3f,evt_ca17ff6a4752ffdb,Dylan Frittelli,PGA,60.54,60.91,4,0.06,2.8600,2.8500,4.4500,1.4300
$250 Northern Trust,2020-08-20T13:56:37.292751,estk_ca17ff6a4752ffdb40e1350656ce7a59,evt_ca17ff6a4752ffdb,Brian Stuard,PGA,59.61,60.86,9,0.13,2.7100,2.6500,4.2200,1.2700
$250 Northern Trust,2020-08-20T13:56:37.292754,estk_ca17ff6a4752ffdba994dc6df42c2b1e,evt_ca17ff6a4752ffdb,Nate Lashley,PGA,58.24,60.67,10,0.13,2.6800,2.3800,3.9300,1.2100
$250 Northern Trust,2020-08-20T13:56:37.292758,estk_ca17ff6a4752ffdbd3debc630a5f6602,evt_ca17ff6a4752ffdb,Cameron Champ,PGA,59.08,59.54,4,0.06,2.5500,2.5400,4.1100,1.0800
$250 Northern Trust,2020-08-20T13:56:37.292766,estk_ca17ff6a4752ffdb4be0d7fc77429fae,evt_ca17ff6a4752ffdb,Sepp Straka,PGA,60.39,59.75,6,0.11,2.4900,2.8200,3.9000,1.3600
$250 Northern Trust,2020-08-20T13:56:37.292784,estk_ca17ff6a4752ffdb404d8fe8b6d05439,evt_ca17ff6a4752ffdb,Andrew Landry,PGA,57.49,58.74,7,0.1,2.3000,2.2500,3.7800,1.2300
$250 Northern Trust,2020-08-20T13:56:37.292836,estk_ca17ff6a4752ffdb8145ed04e6806109,evt_ca17ff6a4752ffdb,Beau Hossler,PGA,54.73,54.54,2,0.04,1.7200,1.8300,3.3400,
$250 Northern Trust,2020-08-20T13:56:37.292851,estk_ca17ff6a4752ffdbbe7a33b803f85da5,evt_ca17ff6a4752ffdb,Harry Higgs,PGA,51.39,54.74,9,0.11,1.6700,1.4800,2.9800,
$250 Northern Trust,2020-08-20T13:56:37.292855,estk_ca17ff6a4752ffdbf94b7e5eca9035c7,evt_ca17ff6a4752ffdb,Cameron Tringale,PGA,49.93,53.93,7,0.06,1.6400,1.3800,2.8600,
$250 Northern Trust,2020-08-20T13:56:37.292877,estk_ca17ff6a4752ffdb5936e6a0df92674f,evt_ca17ff6a4752ffdb,Xinjun Zhang,PGA,51.26,52.62,7,0.11,1.4400,1.4700,2.9600,
$250 Northern Trust,2020-08-20T13:56:37.292891,estk_ca17ff6a4752ffdb91386b499e2742a4,evt_ca17ff6a4752ffdb,Ryan Moore,PGA,66.64,5,5,1,1.0000,4.7000,2.5200,
$250 Northern Trust,2020-08-20T14:06:37.810745,estk_ca17ff6a4752ffdbdb5881f101cec470,evt_ca17ff6a4752ffdb,Justin Rose,PGA,72.15,74.82,7,0.06,8.9400,7.1200,10.2800,7.3300
$250 Northern Trust,2020-08-20T14:06:37.810777,estk_ca17ff6a4752ffdb514f8f232f286c88,evt_ca17ff6a4752ffdb,Tiger Woods,PGA,72.43,71.36,4,0.07,6.8700,7.3000,8.4000,5.7300
$250 Northern Trust,2020-08-20T14:06:37.810793,estk_ca17ff6a4752ffdb3116b24358a8f507,evt_ca17ff6a4752ffdb,Louis Oosthuizen,PGA,69.85,70.66,5,0.06,6.5500,6.0200,8.4800,5.1800
$250 Northern Trust,2020-08-20T14:06:37.810805,estk_ca17ff6a4752ffdb2203f644cb3905c3,evt_ca17ff6a4752ffdb,Jason Day,PGA,68.71,69.84,8,0.1,6.0800,5.5500,7.8500,4.6300
$250 Northern Trust,2020-08-20T14:06:37.810820,estk_ca17ff6a4752ffdbe84f621105202612,evt_ca17ff6a4752ffdb,Matt Kuchar,PGA,67.91,69.08,10,0.13,5.6400,5.1900,7.2500,4.2700
$250 Northern Trust,2020-08-20T14:06:37.810829,estk_ca17ff6a4752ffdbd8f0d69f88d3691a,evt_ca17ff6a4752ffdb,Doc Redman,PGA,65.99,68.73,10,0.11,5.5700,4.4700,6.6900,3.8000
$250 Northern Trust,2020-08-20T14:06:37.810863,estk_ca17ff6a4752ffdb6ef252b94400baa3,evt_ca17ff6a4752ffdb,Adam Hadwin,PGA,66.89,67.2,7,0.1,4.8900,4.8100,6.5900,3.5500
$250 Northern Trust,2020-08-20T14:06:37.810867,estk_ca17ff6a4752ffdb8e366112314840d7,evt_ca17ff6a4752ffdb,Keegan Bradley,PGA,66.67,67,3,0.04,4.8900,4.7400,6.0100,3.3500
$250 Northern Trust,2020-08-20T14:06:37.810880,estk_ca17ff6a4752ffdbbf5c4810745af2e6,evt_ca17ff6a4752ffdb,Matthew Fitzpatrick,PGA,68.43,66.64,3,0.07,4.6900,5.4200,5.8000,3.1700
$250 Northern Trust,2020-08-20T14:06:37.810895,estk_ca17ff6a4752ffdb467812ddab873919,evt_ca17ff6a4752ffdb,J.T. Poston,PGA,63.77,65.76,9,0.11,4.2500,3.7300,5.4100,2.6800
$250 Northern Trust,2020-08-20T14:06:37.810899,estk_ca17ff6a4752ffdb2ab98d8a9a770fd5,evt_ca17ff6a4752ffdb,Jordan Spieth,PGA,67.41,65.37,2,0.06,4.2100,5.0100,6.0400,3.0900
$250 Northern Trust,2020-08-20T14:06:37.810914,estk_ca17ff6a4752ffdbdc1e23aa4cb30164,evt_ca17ff6a4752ffdb,Marc Leishman,PGA,68.7,64.83,3,0.1,3.9500,5.5300,5.5300,3.0900
$250 Northern Trust,2020-08-20T14:06:37.810918,estk_ca17ff6a4752ffdb4fd2025821f57a83,evt_ca17ff6a4752ffdb,Brendon Todd,PGA,61.98,64.78,9,0.1,3.9200,3.2100,5.4800,2.1600
$250 Northern Trust,2020-08-20T14:06:37.810933,estk_ca17ff6a4752ffdbe71bc53e996275e5,evt_ca17ff6a4752ffdb,Brian Gay,PGA,64.67,63.79,3,0.06,3.6600,4.0100,5.7100,2.6200
$250 Northern Trust,2020-08-20T14:06:37.810966,estk_ca17ff6a4752ffdbc084ad91aa7b325e,evt_ca17ff6a4752ffdb,Brendan Steele,PGA,58.82,62.94,10,0.1,3.3100,2.4800,4.9000,1.8500
$250 Northern Trust,2020-08-20T14:06:37.810974,estk_ca17ff6a4752ffdb37a8104a8070199b,evt_ca17ff6a4752ffdb,Ryan Armour,PGA,63.26,62.77,9,0.15,3.1800,3.5800,4.6200,1.8800
$250 Northern Trust,2020-08-20T14:06:37.810992,estk_ca17ff6a4752ffdba994dc6df42c2b1e,evt_ca17ff6a4752ffdb,Nate Lashley,PGA,58.24,62.09,12,0.14,2.9800,2.3800,4.5800,1.2100
$250 Northern Trust,2020-08-20T14:06:37.811003,estk_ca17ff6a4752ffdb231a4d3b434acb3f,evt_ca17ff6a4752ffdb,Dylan Frittelli,PGA,60.54,61.3,5,0.07,2.9200,2.8500,4.4500,1.4300
$250 Northern Trust,2020-08-20T14:06:37.811018,estk_ca17ff6a4752ffdbae4992823c10a96e,evt_ca17ff6a4752ffdb,Carlos Ortiz,PGA,59.64,61.08,8,0.11,2.7900,2.6400,4.2500,1.7300
$250 Northern Trust,2020-08-20T14:06:37.811022,estk_ca17ff6a4752ffdb4a18d062074b38a6,evt_ca17ff6a4752ffdb,Scott Brown,PGA,59.31,60.75,5,0.06,2.7800,2.5900,4.1600,1.3600
$250 Northern Trust,2020-08-20T14:06:37.811033,estk_ca17ff6a4752ffdbd3debc630a5f6602,evt_ca17ff6a4752ffdb,Cameron Champ,PGA,59.08,59.94,5,0.07,2.5900,2.5400,4.1100,1.0800
$250 Northern Trust,2020-08-20T14:06:37.811044,estk_ca17ff6a4752ffdba0281ba5dadc7019,evt_ca17ff6a4752ffdb,Matt Jones,PGA,56.56,59.17,6,0.06,2.4300,2.0900,3.6200,1.2100
$250 Northern Trust,2020-08-20T14:06:37.811051,estk_ca17ff6a4752ffdb01c765712de170ec,evt_ca17ff6a4752ffdb,Sung Kang,PGA,56.79,59.41,10,0.13,2.3700,2.1300,3.6600,1.2300
$250 Northern Trust,2020-08-20T14:06:37.811055,estk_ca17ff6a4752ffdb404d8fe8b6d05439,evt_ca17ff6a4752ffdb,Andrew Landry,PGA,57.49,59.17,8,0.11,2.3500,2.2500,3.7800,1.2300
$250 Northern Trust,2020-08-20T14:06:37.811063,estk_ca17ff6a4752ffdbedbbe9a8a4e2367d,evt_ca17ff6a4752ffdb,Maverick McNealy,PGA,57.18,58.89,8,0.11,2.2900,2.1800,3.7300,
$250 Northern Trust,2020-08-20T14:06:37.811078,estk_ca17ff6a4752ffdb0811efeafb376fee,evt_ca17ff6a4752ffdb,Michael Thompson,PGA,58.5,58.06,6,0.11,2.1300,2.4300,3.9700,1.0200
$250 Northern Trust,2020-08-20T14:06:37.811104,estk_ca17ff6a4752ffdb4f70a08a1a272573,evt_ca17ff6a4752ffdb,Talor Gooch,PGA,52.02,56.26,11,0.13,1.8100,1.5400,3.0400,
$250 Northern Trust,2020-08-20T14:06:37.811114,estk_ca17ff6a4752ffdb408e07cab14ecb5c,evt_ca17ff6a4752ffdb,Kyoung-Hoon Lee,PGA,52.92,54.8,4,0.04,1.7300,1.6300,3.1100,
$250 Northern Trust,2020-08-20T14:06:37.811147,estk_ca17ff6a4752ffdb5936e6a0df92674f,evt_ca17ff6a4752ffdb,Xinjun Zhang,PGA,51.26,53.6,9,0.13,1.4900,1.4700,2.9600,
$250 Northern Trust,2020-08-20T14:16:38.374485,estk_ca17ff6a4752ffdbf659aa7b5b2176ee,evt_ca17ff6a4752ffdb,Collin Morikawa,PGA,78.58,79.29,7,0.08,11.8900,10.7700,13.2600,10.2000
