name,time,id,event_id,stock_name,sector,fantasy_points_projected,fantasy_points_projected_live,fantasy_points_scored,amount_completed,estimated_price,last_price,ask_price,bid_price
$50 NBA Daily 8/14,2020-08-13T16:00:08.823087,estk_03938e5ab72be95e998cf3066566c393,evt_03938e5ab72be95e,James Harden,NBA,50.33,,,,,,,
$50 NBA Daily 8/14,2020-08-13T16:00:08.823117,estk_03938e5ab72be95ebb115bd4f54ff319,evt_03938e5ab72be95e,Kawhi Leonard,NBA,43.03,,,,,,,
$50 NBA Daily 8/14,2020-08-13T16:00:08.823122,estk_03938e5ab72be95ef59563a6406f63f4,evt_03938e5ab72be95e,Paul George,NBA,38.42,,,,,,,
$50 NBA Daily 8/14,2020-08-13T16:00:08.823127,estk_03938e5ab72be95e86ea8af848cca3f6,evt_03938e5ab72be95e,Chris Paul,NBA,37.31,,,,,,,
$50 NBA Daily 8/14,2020-08-13T16:00:08.823131,estk_03938e5ab72be95e77c3d3d4d8ad15c5,evt_03938e5ab72be95e,Tobias Harris,NBA,32.92,,,,,,,
$50 NBA Daily 8/14,2020-08-13T16:00:08.823135,estk_03938e5ab72be95e63a58b55849249a4,evt_03938e5ab72be95e,Al Horford,NBA,31.33,,,,,,,
$50 NBA Daily 8/14,2020-08-13T16:00:08.823139,estk_03938e5ab72be95e33aee19dae855240,evt_03938e5ab72be95e,Shai Gilgeous-Alexander,NBA,28.75,,,,,,,
$50 NBA Daily 8/14,2020-08-13T16:00:08.823143,estk_03938e5ab72be95e4d546eba965e40a0,evt_03938e5ab72be95e,Steven Adams,NBA,27.54,,,,,,,
$50 NBA Daily 8/14,2020-08-13T16:00:08.823146,estk_03938e5ab72be95eb3147c681557a264,evt_03938e5ab72be95e,Josh Richardson,NBA,26.93,,,,,,,
$50 NBA Daily 8/14,2020-08-13T16:00:08.823151,estk_03938e5ab72be95e6e1b2c66fb087a89,evt_03938e5ab72be95e,Danilo Gallinari,NBA,26.8,,,,,,,
$50 NBA Daily 8/14,2020-08-13T16:00:08.823155,estk_03938e5ab72be95e2e7d4bf632563918,evt_03938e5ab72be95e,Robert Covington,NBA,23.96,,,,,,,
$50 NBA Daily 8/14,2020-08-13T16:00:08.823158,estk_03938e5ab72be95e85e7a39b281a7530,evt_03938e5ab72be95e,Ivica Zubac,NBA,21.59,,,,,,,
$50 NBA Daily 8/14,2020-08-13T16:00:08.823161,estk_03938e5ab72be95eaf1a06f413850d3c,evt_03938e5ab72be95e,Montrezl Harrell,NBA,21.29,,,,,,,
$50 NBA Daily 8/14,2020-08-13T16:00:08.823165,estk_03938e5ab72be95e57693decb131a860,evt_03938e5ab72be95e,Lou Williams,NBA,20.62,,,,,,,
$50 NBA Daily 8/14,2020-08-13T16:00:08.823169,estk_03938e5ab72be95e0b5bea604e9b515d,evt_03938e5ab72be95e,Nerlens Noel,NBA,18.49,,,,,,,
$50 NBA Daily 8/14,2020-08-13T16:00:08.823172,estk_03938e5ab72be95ea1e25447b314f889,evt_03938e5ab72be95e,Shake Milton,NBA,18.47,,,,,,,
$50 NBA Daily 8/14,2020-08-13T16:00:08.823176,estk_03938e5ab72be95eb402a1af1291a618,evt_03938e5ab72be95e,Patrick Beverley,NBA,17.61,,,,,,,
$50 NBA Daily 8/14,2020-08-13T16:00:08.823179,estk_03938e5ab72be95e575ca725abf50fd3,evt_03938e5ab72be95e,Alec Burks,NBA,17.52,,,,,,,
$50 NBA Daily 8/14,2020-08-13T16:00:08.823183,estk_03938e5ab72be95ebb2265938b36951f,evt_03938e5ab72be95e,P.J. Tucker,NBA,17.25,,,,,,,
$50 NBA Daily 8/14,2020-08-13T16:00:08.823187,estk_03938e5ab72be95e8b0372db86dba9af,evt_03938e5ab72be95e,Furkan Korkmaz,NBA,16.76,,,,,,,
$50 NBA Daily 8/14,2020-08-13T16:00:08.823191,estk_03938e5ab72be95e85078b5202b93fb5,evt_03938e5ab72be95e,Luguentz Dort,NBA,16.59,,,,,,,
$50 NBA Daily 8/14,2020-08-13T16:00:08.823194,estk_03938e5ab72be95e6e82fa5f30bdfa80,evt_03938e5ab72be95e,Marcus Morris,NBA,14.91,,,,,,,
$50 NBA Daily 8/14,2020-08-13T16:00:08.823198,estk_03938e5ab72be95ed5d16483f5148c0b,evt_03938e5ab72be95e,Darius Bazley,NBA,14.72,,,,,,,
$50 NBA Daily 8/14,2020-08-13T16:00:08.823202,estk_03938e5ab72be95ef101f1906b677e1c,evt_03938e5ab72be95e,JaMychal Green,NBA,14.65,,,,,,,
$50 NBA Daily 8/14,2020-08-13T16:00:08.823206,estk_03938e5ab72be95e92bc30f31e413420,evt_03938e5ab72be95e,Matisse Thybulle,NBA,14.42,,,,,,,
$50 NBA Daily 8/14,2020-08-13T16:00:08.823209,estk_03938e5ab72be95ee9aea717e9a5e7f3,evt_03938e5ab72be95e,Reggie Jackson,NBA,13.54,,,,,,,
$50 NBA Daily 8/14,2020-08-13T16:00:08.823213,estk_03938e5ab72be95ed086e77c2f7fd9b3,evt_03938e5ab72be95e,Hamidou Diallo,NBA,12.27,,,,,,,
$50 NBA Daily 8/14,2020-08-13T16:00:08.823216,estk_03938e5ab72be95e9e314ab9e97d6d4e,evt_03938e5ab72be95e,Eric Gordon,NBA,11.9,,,,,,,
$50 NBA Daily 8/14,2020-08-13T16:00:08.823219,estk_03938e5ab72be95ece8e428feaa184fb,evt_03938e5ab72be95e,Dennis Schroder,NBA,0,,,,,,,
$50 NBA Daily 8/14,2020-08-13T16:00:08.823223,estk_03938e5ab72be95e9429a910322dd902,evt_03938e5ab72be95e,Russell Westbrook,NBA,0,,,,,,,
$50 NBA Daily 8/14,2020-08-13T16:00:08.823226,estk_03938e5ab72be95e7e274b6cb95b0d20,evt_03938e5ab72be95e,Danuel House,NBA,0,,,,,,,
$50 NBA Daily 8/14,2020-08-13T16:00:08.823230,estk_03938e5ab72be95e3e4b7dde83288c09,evt_03938e5ab72be95e,Norvel Pelle,NBA,0,,,,,,,
$50 NBA Daily 8/14,2020-08-14T14:06:46.564701,estk_03938e5ab72be95e998cf3066566c393,evt_03938e5ab72be95e,James Harden,NBA,50.33,,,,18.9000,12.9000,,
$50 NBA Daily 8/14,2020-08-14T14:06:46.564731,estk_03938e5ab72be95ebb115bd4f54ff319,evt_03938e5ab72be95e,Kawhi Leonard,NBA,39.53,,,,13.5400,10.3500,,
$50 NBA Daily 8/14,2020-08-14T14:06:46.564736,estk_03938e5ab72be95ef59563a6406f63f4,evt_03938e5ab72be95e,Paul George,NBA,36.29,,,,11.9800,9.1300,,
$50 NBA Daily 8/14,2020-08-14T14:06:46.564740,estk_03938e5ab72be95e77c3d3d4d8ad15c5,evt_03938e5ab72be95e,Tobias Harris,NBA,26.33,,,,7.7000,5.9300,,
$50 NBA Daily 8/14,2020-08-14T14:06:46.564747,estk_03938e5ab72be95e85e7a39b281a7530,evt_03938e5ab72be95e,Ivica Zubac,NBA,25.69,,,,7.5200,5.7500,,
$50 NBA Daily 8/14,2020-08-14T14:06:46.564751,estk_03938e5ab72be95e2e7d4bf632563918,evt_03938e5ab72be95e,Robert Covington,NBA,23.96,,,,6.7800,5.2500,,
$50 NBA Daily 8/14,2020-08-14T14:06:46.564755,estk_03938e5ab72be95e4d546eba965e40a0,evt_03938e5ab72be95e,Steven Adams,NBA,23.31,,,,6.6500,5.1500,,
$50 NBA Daily 8/14,2020-08-14T14:06:46.564759,estk_03938e5ab72be95e63a58b55849249a4,evt_03938e5ab72be95e,Al Horford,NBA,22.97,,,,6.4000,5.0600,,
$50 NBA Daily 8/14,2020-08-14T14:06:46.564762,estk_03938e5ab72be95ee9aea717e9a5e7f3,evt_03938e5ab72be95e,Reggie Jackson,NBA,22.54,,,,6.2500,4.9400,,
$50 NBA Daily 8/14,2020-08-14T14:06:46.564766,estk_03938e5ab72be95e6e82fa5f30bdfa80,evt_03938e5ab72be95e,Marcus Morris,NBA,22,,,,6.1400,4.8200,,
$50 NBA Daily 8/14,2020-08-14T14:06:46.564770,estk_03938e5ab72be95e33aee19dae855240,evt_03938e5ab72be95e,Shai Gilgeous-Alexander,NBA,21.79,,,,6.0200,4.8000,,
$50 NBA Daily 8/14,2020-08-14T14:06:46.564774,estk_03938e5ab72be95eb3147c681557a264,evt_03938e5ab72be95e,Josh Richardson,NBA,21.54,,,,5.9600,4.7200,,
$50 NBA Daily 8/14,2020-08-14T14:06:46.564777,estk_03938e5ab72be95e6e1b2c66fb087a89,evt_03938e5ab72be95e,Danilo Gallinari,NBA,20.34,,,,5.5400,4.4800,,
$50 NBA Daily 8/14,2020-08-14T14:06:46.564781,estk_03938e5ab72be95e57693decb131a860,evt_03938e5ab72be95e,Lou Williams,NBA,19.8,,,,5.4200,4.3900,,
$50 NBA Daily 8/14,2020-08-14T14:06:46.564784,estk_03938e5ab72be95e92bc30f31e413420,evt_03938e5ab72be95e,Matisse Thybulle,NBA,19.01,,,,5.2200,4.2100,,
$50 NBA Daily 8/14,2020-08-14T14:06:46.564788,estk_03938e5ab72be95ed086e77c2f7fd9b3,evt_03938e5ab72be95e,Hamidou Diallo,NBA,18.39,,,,5.0000,4.0800,,
$50 NBA Daily 8/14,2020-08-14T14:06:46.564791,estk_03938e5ab72be95ed5d16483f5148c0b,evt_03938e5ab72be95e,Darius Bazley,NBA,18.42,,,,4.9900,4.1200,,
$50 NBA Daily 8/14,2020-08-14T14:06:46.564795,estk_03938e5ab72be95e575ca725abf50fd3,evt_03938e5ab72be95e,Alec Burks,NBA,18.36,,,,4.9800,4.1400,,
$50 NBA Daily 8/14,2020-08-14T14:06:46.564798,estk_03938e5ab72be95e0b5bea604e9b515d,evt_03938e5ab72be95e,Nerlens Noel,NBA,18.49,,,,4.9600,4.1500,,
$50 NBA Daily 8/14,2020-08-14T14:06:46.564802,estk_03938e5ab72be95ebb2265938b36951f,evt_03938e5ab72be95e,P.J. Tucker,NBA,17.25,,,,4.6200,3.8000,,
$50 NBA Daily 8/14,2020-08-14T14:06:46.564805,estk_03938e5ab72be95ea1e25447b314f889,evt_03938e5ab72be95e,Shake Milton,NBA,17.1,,,,4.6000,3.8600,,
$50 NBA Daily 8/14,2020-08-14T14:06:46.564809,estk_03938e5ab72be95ef101f1906b677e1c,evt_03938e5ab72be95e,JaMychal Green,NBA,17.09,,,,4.6000,3.8900,,
$50 NBA Daily 8/14,2020-08-14T14:06:46.564814,estk_03938e5ab72be95e8b0372db86dba9af,evt_03938e5ab72be95e,Furkan Korkmaz,NBA,13.72,,,,3.7800,3.2900,,
$50 NBA Daily 8/14,2020-08-14T14:06:46.564818,estk_03938e5ab72be95e3e4b7dde83288c09,evt_03938e5ab72be95e,Norvel Pelle,NBA,12.47,,,,3.5100,3.0600,,
$50 NBA Daily 8/14,2020-08-14T14:06:46.564821,estk_03938e5ab72be95e9e314ab9e97d6d4e,evt_03938e5ab72be95e,Eric Gordon,NBA,11.9,,,,3.4400,2.9100,,
$50 NBA Daily 8/14,2020-08-14T14:06:46.564825,estk_03938e5ab72be95e85078b5202b93fb5,evt_03938e5ab72be95e,Luguentz Dort,NBA,0,,,,1.0000,1.4300,,
$50 NBA Daily 8/14,2020-08-14T14:06:46.564829,estk_03938e5ab72be95e86ea8af848cca3f6,evt_03938e5ab72be95e,Chris Paul,NBA,0,,,,1.0000,3.2000,,
$50 NBA Daily 8/14,2020-08-14T14:06:46.564832,estk_03938e5ab72be95eaf1a06f413850d3c,evt_03938e5ab72be95e,Montrezl Harrell,NBA,0,,,,1.0000,1.6600,,
$50 NBA Daily 8/14,2020-08-14T14:06:46.564836,estk_03938e5ab72be95ece8e428feaa184fb,evt_03938e5ab72be95e,Dennis Schroder,NBA,0,,,,1.0000,1.0000,,
$50 NBA Daily 8/14,2020-08-14T14:06:46.564842,estk_03938e5ab72be95e9429a910322dd902,evt_03938e5ab72be95e,Russell Westbrook,NBA,0,,,,1.0000,1.0100,,
$50 NBA Daily 8/14,2020-08-14T14:06:46.564846,estk_03938e5ab72be95eb402a1af1291a618,evt_03938e5ab72be95e,Patrick Beverley,NBA,0,,,,1.0000,1.4700,,
$50 NBA Daily 8/14,2020-08-14T14:06:46.564852,estk_03938e5ab72be95e7e274b6cb95b0d20,evt_03938e5ab72be95e,Danuel House,NBA,0,,,,1.0000,1.0000,,
$50 NBA Daily 8/14,2020-08-14T20:59:23.135474,estk_03938e5ab72be95e998cf3066566c393,evt_03938e5ab72be95e,James Harden,NBA,50.33,50.33,0,0,16.4600,13.7000,,
$50 NBA Daily 8/14,2020-08-14T20:59:23.135502,estk_03938e5ab72be95ebb115bd4f54ff319,evt_03938e5ab72be95e,Kawhi Leonard,NBA,39.53,39.53,0,0,12.0400,11.0000,,
$50 NBA Daily 8/14,2020-08-14T20:59:23.135507,estk_03938e5ab72be95ef59563a6406f63f4,evt_03938e5ab72be95e,Paul George,NBA,36.29,36.29,0,0,10.8900,9.9600,,
$50 NBA Daily 8/14,2020-08-14T20:59:23.135511,estk_03938e5ab72be95e77c3d3d4d8ad15c5,evt_03938e5ab72be95e,Tobias Harris,NBA,26.33,26.33,0,0,7.2100,6.9500,,
$50 NBA Daily 8/14,2020-08-14T20:59:23.135516,estk_03938e5ab72be95e85e7a39b281a7530,evt_03938e5ab72be95e,Ivica Zubac,NBA,25.69,25.69,0,0,7.1300,6.7700,,
$50 NBA Daily 8/14,2020-08-14T20:59:23.135520,estk_03938e5ab72be95e2e7d4bf632563918,evt_03938e5ab72be95e,Robert Covington,NBA,23.96,23.96,0,0,6.5200,6.2900,,
$50 NBA Daily 8/14,2020-08-14T20:59:23.135524,estk_03938e5ab72be95e4d546eba965e40a0,evt_03938e5ab72be95e,Steven Adams,NBA,23.31,23.31,0,0,6.4500,6.1300,,
$50 NBA Daily 8/14,2020-08-14T20:59:23.135528,estk_03938e5ab72be95e63a58b55849249a4,evt_03938e5ab72be95e,Al Horford,NBA,22.97,22.97,0,0,6.2700,6.0100,,
$50 NBA Daily 8/14,2020-08-14T20:59:23.135532,estk_03938e5ab72be95ee9aea717e9a5e7f3,evt_03938e5ab72be95e,Reggie Jackson,NBA,22.54,22.54,0,0,6.1300,5.9200,,
$50 NBA Daily 8/14,2020-08-14T20:59:23.135536,estk_03938e5ab72be95e33aee19dae855240,evt_03938e5ab72be95e,Shai Gilgeous-Alexander,NBA,21.79,21.79,0,0,6.0300,5.7300,,
$50 NBA Daily 8/14,2020-08-14T20:59:23.135540,estk_03938e5ab72be95e6e82fa5f30bdfa80,evt_03938e5ab72be95e,Marcus Morris,NBA,22,22,0,0,5.9900,5.7500,,
$50 NBA Daily 8/14,2020-08-14T20:59:23.135544,estk_03938e5ab72be95eb3147c681557a264,evt_03938e5ab72be95e,Josh Richardson,NBA,21.54,21.54,0,0,5.8700,5.6400,,
$50 NBA Daily 8/14,2020-08-14T20:59:23.135548,estk_03938e5ab72be95ece8e428feaa184fb,evt_03938e5ab72be95e,Dennis Schroder,NBA,21.19,21.19,0,0,5.8300,3.7000,7.4500,
$50 NBA Daily 8/14,2020-08-14T20:59:23.135552,estk_03938e5ab72be95e6e1b2c66fb087a89,evt_03938e5ab72be95e,Danilo Gallinari,NBA,20.34,20.34,0,0,5.6200,5.3400,,
$50 NBA Daily 8/14,2020-08-14T20:59:23.135555,estk_03938e5ab72be95e57693decb131a860,evt_03938e5ab72be95e,Lou Williams,NBA,19.8,19.8,0,0,5.4400,5.2200,,
$50 NBA Daily 8/14,2020-08-14T20:59:23.135559,estk_03938e5ab72be95e92bc30f31e413420,evt_03938e5ab72be95e,Matisse Thybulle,NBA,19.01,19.01,0,0,5.2500,5.0700,,
$50 NBA Daily 8/14,2020-08-14T20:59:23.135563,estk_03938e5ab72be95ed5d16483f5148c0b,evt_03938e5ab72be95e,Darius Bazley,NBA,18.42,18.42,0,0,5.1800,4.9100,6.7800,
$50 NBA Daily 8/14,2020-08-14T20:59:23.135568,estk_03938e5ab72be95ed086e77c2f7fd9b3,evt_03938e5ab72be95e,Hamidou Diallo,NBA,18.39,18.39,0,0,5.1100,4.9000,,
$50 NBA Daily 8/14,2020-08-14T20:59:23.135571,estk_03938e5ab72be95e0b5bea604e9b515d,evt_03938e5ab72be95e,Nerlens Noel,NBA,18.49,18.49,0,0,5.1000,4.9300,,
$50 NBA Daily 8/14,2020-08-14T20:59:23.135575,estk_03938e5ab72be95e575ca725abf50fd3,evt_03938e5ab72be95e,Alec Burks,NBA,18.36,18.36,0,0,5.0900,4.8900,,
$50 NBA Daily 8/14,2020-08-14T20:59:23.135579,estk_03938e5ab72be95ebb2265938b36951f,evt_03938e5ab72be95e,P.J. Tucker,NBA,17.25,17.25,0,0,4.7900,4.6500,,
$50 NBA Daily 8/14,2020-08-14T20:59:23.135583,estk_03938e5ab72be95ef101f1906b677e1c,evt_03938e5ab72be95e,JaMychal Green,NBA,17.09,17.09,0,0,4.7800,4.6200,,
$50 NBA Daily 8/14,2020-08-14T20:59:23.135586,estk_03938e5ab72be95ea1e25447b314f889,evt_03938e5ab72be95e,Shake Milton,NBA,17.1,17.1,0,0,4.7500,4.6100,,
$50 NBA Daily 8/14,2020-08-14T20:59:23.135590,estk_03938e5ab72be95e8b0372db86dba9af,evt_03938e5ab72be95e,Furkan Korkmaz,NBA,13.72,13.72,0,0,4.0800,3.9300,,
$50 NBA Daily 8/14,2020-08-14T20:59:23.135594,estk_03938e5ab72be95e3e4b7dde83288c09,evt_03938e5ab72be95e,Norvel Pelle,NBA,12.47,12.47,0,0,3.7700,3.7000,,
$50 NBA Daily 8/14,2020-08-14T20:59:23.135597,estk_03938e5ab72be95e9e314ab9e97d6d4e,evt_03938e5ab72be95e,Eric Gordon,NBA,11.9,11.9,0,0,3.7000,3.6100,,
$50 NBA Daily 8/14,2020-08-14T20:59:23.135601,estk_03938e5ab72be95e9429a910322dd902,evt_03938e5ab72be95e,Russell Westbrook,NBA,0,0,0,0,1.0100,1.0300,,
$50 NBA Daily 8/14,2020-08-14T20:59:23.135605,estk_03938e5ab72be95eaf1a06f413850d3c,evt_03938e5ab72be95e,Montrezl Harrell,NBA,0,0,0,0,1.0000,1.6600,,
$50 NBA Daily 8/14,2020-08-14T20:59:23.135609,estk_03938e5ab72be95e85078b5202b93fb5,evt_03938e5ab72be95e,Luguentz Dort,NBA,0,0,0,0,1.0000,1.4300,,
$50 NBA Daily 8/14,2020-08-14T20:59:23.135613,estk_03938e5ab72be95e86ea8af848cca3f6,evt_03938e5ab72be95e,Chris Paul,NBA,0,0,0,0,1.0000,3.2000,,
$50 NBA Daily 8/14,2020-08-14T20:59:23.135617,estk_03938e5ab72be95eb402a1af1291a618,evt_03938e5ab72be95e,Patrick Beverley,NBA,0,0,0,0,1.0000,1.4700,,
$50 NBA Daily 8/14,2020-08-14T20:59:23.135621,estk_03938e5ab72be95e7e274b6cb95b0d20,evt_03938e5ab72be95e,Danuel House,NBA,0,0,0,0,1.0000,1.0000,,
$50 NBA Daily 8/14,2020-08-14T22:47:39.182199,estk_03938e5ab72be95ee9aea717e9a5e7f3,evt_03938e5ab72be95e,Reggie Jackson,NBA,26.3,25.51,0,0.03,8.4300,5.9200,10.0500,6.7600
$50 NBA Daily 8/14,2020-08-14T22:47:39.182209,estk_03938e5ab72be95e85e7a39b281a7530,evt_03938e5ab72be95e,Ivica Zubac,NBA,25.69,24.92,0,0.03,8.1400,6.7700,9.7400,5.6000
$50 NBA Daily 8/14,2020-08-14T22:47:39.182216,estk_03938e5ab72be95e4d546eba965e40a0,evt_03938e5ab72be95e,Steven Adams,NBA,23.31,22.11,-0.5,0.03,7.2400,6.1300,8.8600,6.4800
$50 NBA Daily 8/14,2020-08-14T22:47:39.182224,estk_03938e5ab72be95ef101f1906b677e1c,evt_03938e5ab72be95e,JaMychal Green,NBA,22.79,23.61,1.5,0.03,7.0800,4.6200,8.6700,5.6000
$50 NBA Daily 8/14,2020-08-14T22:47:39.182228,estk_03938e5ab72be95e33aee19dae855240,evt_03938e5ab72be95e,Shai Gilgeous-Alexander,NBA,21.79,21.14,0,0.03,6.7500,5.7300,8.2900,5.1200
$50 NBA Daily 8/14,2020-08-14T22:47:39.182236,estk_03938e5ab72be95ece8e428feaa184fb,evt_03938e5ab72be95e,Dennis Schroder,NBA,21.19,24.55,4,0.03,6.4800,3.7000,8.0900,4.8500
$50 NBA Daily 8/14,2020-08-14T22:47:39.182240,estk_03938e5ab72be95e6e1b2c66fb087a89,evt_03938e5ab72be95e,Danilo Gallinari,NBA,20.34,19.73,0,0.03,6.1400,5.3400,7.8300,
$50 NBA Daily 8/14,2020-08-14T22:47:39.182243,estk_03938e5ab72be95e57693decb131a860,evt_03938e5ab72be95e,Lou Williams,NBA,19.8,19.21,0,0.03,6.0400,5.2200,7.6200,5.4500
$50 NBA Daily 8/14,2020-08-14T22:47:39.182251,estk_03938e5ab72be95ed086e77c2f7fd9b3,evt_03938e5ab72be95e,Hamidou Diallo,NBA,18.39,17.84,0,0.03,5.5600,4.9000,6.7100,5.1200
$50 NBA Daily 8/14,2020-08-14T22:47:39.182255,estk_03938e5ab72be95ed5d16483f5148c0b,evt_03938e5ab72be95e,Darius Bazley,NBA,18.42,17.87,0,0.03,5.5400,4.9100,6.7400,6.2400
$50 NBA Daily 8/14,2020-08-14T22:47:39.182259,estk_03938e5ab72be95e0b5bea604e9b515d,evt_03938e5ab72be95e,Nerlens Noel,NBA,18.49,17.94,0,0.03,5.5300,4.9300,6.7500,5.1200
$50 NBA Daily 8/14,2020-08-14T22:47:39.182283,estk_03938e5ab72be95ebb115bd4f54ff319,evt_03938e5ab72be95e,Kawhi Leonard,NBA,11.63,11.28,0,0.03,3.6800,11.0000,5.2600,3.5500
$50 NBA Daily 8/14,2020-08-14T22:47:39.182287,estk_03938e5ab72be95ef59563a6406f63f4,evt_03938e5ab72be95e,Paul George,NBA,10.67,10.35,0,0.03,3.4800,9.9600,5.0400,1.9100
$50 NBA Daily 8/14,2020-08-14T22:47:39.182291,estk_03938e5ab72be95e6e82fa5f30bdfa80,evt_03938e5ab72be95e,Marcus Morris,NBA,7.1,6.89,0,0.03,2.8300,5.7500,4.3600,3.8600
$50 NBA Daily 8/14,2020-08-14T22:47:39.182294,estk_03938e5ab72be95eaf1a06f413850d3c,evt_03938e5ab72be95e,Montrezl Harrell,NBA,0,0,0,0.03,1.0000,1.6600,2.5200,2.0200
$50 NBA Daily 8/14,2020-08-14T22:47:39.182298,estk_03938e5ab72be95e85078b5202b93fb5,evt_03938e5ab72be95e,Luguentz Dort,NBA,0,0,0,0.03,1.0000,1.4300,2.5200,2.0200
$50 NBA Daily 8/14,2020-08-14T22:47:39.182301,estk_03938e5ab72be95e86ea8af848cca3f6,evt_03938e5ab72be95e,Chris Paul,NBA,0,0,0,0.03,1.0000,3.2000,2.5200,
$50 NBA Daily 8/14,2020-08-14T22:47:39.182308,estk_03938e5ab72be95eb402a1af1291a618,evt_03938e5ab72be95e,Patrick Beverley,NBA,0,0,0,0.03,1.0000,1.4700,2.5200,
$50 NBA Daily 8/14,2020-08-14T22:48:39.822406,estk_03938e5ab72be95ee9aea717e9a5e7f3,evt_03938e5ab72be95e,Reggie Jackson,NBA,26.3,25.25,0,0.04,8.2200,5.9200,10.0500,6.7600
$50 NBA Daily 8/14,2020-08-14T22:48:39.822412,estk_03938e5ab72be95e85e7a39b281a7530,evt_03938e5ab72be95e,Ivica Zubac,NBA,25.69,26.66,2,0.04,7.8200,6.7700,9.7400,6.4800
$50 NBA Daily 8/14,2020-08-14T22:48:39.822416,estk_03938e5ab72be95ece8e428feaa184fb,evt_03938e5ab72be95e,Dennis Schroder,NBA,21.19,24.34,4,0.04,7.7600,3.7000,8.0900,6.1000
$50 NBA Daily 8/14,2020-08-14T22:48:39.822424,estk_03938e5ab72be95ef101f1906b677e1c,evt_03938e5ab72be95e,JaMychal Green,NBA,22.79,24.63,2.75,0.04,7.3800,4.6200,8.6700,5.7300
$50 NBA Daily 8/14,2020-08-14T22:48:39.822431,estk_03938e5ab72be95e4d546eba965e40a0,evt_03938e5ab72be95e,Steven Adams,NBA,23.31,22.63,0.25,0.04,6.7800,6.1300,8.8600,5.6000
$50 NBA Daily 8/14,2020-08-14T22:48:39.822439,estk_03938e5ab72be95e33aee19dae855240,evt_03938e5ab72be95e,Shai Gilgeous-Alexander,NBA,21.79,20.42,-0.5,0.04,6.4600,5.7300,8.2900,5.1200
$50 NBA Daily 8/14,2020-08-14T22:48:39.822443,estk_03938e5ab72be95e6e1b2c66fb087a89,evt_03938e5ab72be95e,Danilo Gallinari,NBA,20.34,19.03,-0.5,0.04,5.9400,5.3400,7.8300,4.5200
$50 NBA Daily 8/14,2020-08-14T22:48:39.822447,estk_03938e5ab72be95e57693decb131a860,evt_03938e5ab72be95e,Lou Williams,NBA,19.8,19.01,0,0.04,5.7700,5.2200,7.6200,4.4200
$50 NBA Daily 8/14,2020-08-14T22:48:39.822458,estk_03938e5ab72be95ed5d16483f5148c0b,evt_03938e5ab72be95e,Darius Bazley,NBA,18.42,17.68,0,0.04,5.4100,4.9100,6.7400,3.9300
$50 NBA Daily 8/14,2020-08-14T22:48:39.822462,estk_03938e5ab72be95ed086e77c2f7fd9b3,evt_03938e5ab72be95e,Hamidou Diallo,NBA,18.39,17.65,0,0.04,5.3700,4.9000,6.7100,3.9500
$50 NBA Daily 8/14,2020-08-14T22:48:39.822466,estk_03938e5ab72be95e0b5bea604e9b515d,evt_03938e5ab72be95e,Nerlens Noel,NBA,18.49,17.75,0,0.04,5.3200,4.9300,6.7500,3.9200
$50 NBA Daily 8/14,2020-08-14T22:48:39.822487,estk_03938e5ab72be95ebb115bd4f54ff319,evt_03938e5ab72be95e,Kawhi Leonard,NBA,11.63,11.16,0,0.04,3.6300,11.0000,5.2600,2.6600
$50 NBA Daily 8/14,2020-08-14T22:48:39.822491,estk_03938e5ab72be95ef59563a6406f63f4,evt_03938e5ab72be95e,Paul George,NBA,10.67,10.24,0,0.04,3.3800,9.9600,5.0400,1.9100
$50 NBA Daily 8/14,2020-08-14T22:48:39.822494,estk_03938e5ab72be95e6e82fa5f30bdfa80,evt_03938e5ab72be95e,Marcus Morris,NBA,7.1,6.82,0,0.04,2.7400,5.7500,4.3600,1.2700
$50 NBA Daily 8/14,2020-08-14T22:48:39.822498,estk_03938e5ab72be95eaf1a06f413850d3c,evt_03938e5ab72be95e,Montrezl Harrell,NBA,0,0,0,0.04,1.0000,1.6600,2.5200,
$50 NBA Daily 8/14,2020-08-14T22:48:39.822502,estk_03938e5ab72be95e85078b5202b93fb5,evt_03938e5ab72be95e,Luguentz Dort,NBA,0,0,0,0.04,1.0000,1.4300,2.5200,
$50 NBA Daily 8/14,2020-08-14T22:48:39.822506,estk_03938e5ab72be95e86ea8af848cca3f6,evt_03938e5ab72be95e,Chris Paul,NBA,0,0,0,0.04,1.0000,3.2000,2.5200,
$50 NBA Daily 8/14,2020-08-14T22:48:39.822514,estk_03938e5ab72be95eb402a1af1291a618,evt_03938e5ab72be95e,Patrick Beverley,NBA,0,0,0,0.04,1.0000,1.4700,2.5200,2.0200
$50 NBA Daily 8/14,2020-08-14T22:51:41.922090,estk_03938e5ab72be95e85e7a39b281a7530,evt_03938e5ab72be95e,Ivica Zubac,NBA,25.69,28.13,4.5,0.08,8.5200,6.7700,9.7400,6.9200
$50 NBA Daily 8/14,2020-08-14T22:51:41.922101,estk_03938e5ab72be95ee9aea717e9a5e7f3,evt_03938e5ab72be95e,Reggie Jackson,NBA,26.3,27.95,3.75,0.08,7.9700,5.9200,9.6300,6.7600
$50 NBA Daily 8/14,2020-08-14T22:51:41.922105,estk_03938e5ab72be95ef101f1906b677e1c,evt_03938e5ab72be95e,JaMychal Green,NBA,22.79,26.47,5.5,0.08,7.8300,4.6200,9.3900,6.1700
$50 NBA Daily 8/14,2020-08-14T22:51:41.922109,estk_03938e5ab72be95ece8e428feaa184fb,evt_03938e5ab72be95e,Dennis Schroder,NBA,21.19,23.49,4,0.08,7.7100,3.7000,9.2700,6.1000
$50 NBA Daily 8/14,2020-08-14T22:51:41.922121,estk_03938e5ab72be95e4d546eba965e40a0,evt_03938e5ab72be95e,Steven Adams,NBA,23.31,23.7,2.25,0.08,7.0600,6.1300,8.8600,5.6000
$50 NBA Daily 8/14,2020-08-14T22:51:41.922128,estk_03938e5ab72be95e33aee19dae855240,evt_03938e5ab72be95e,Shai Gilgeous-Alexander,NBA,21.79,19.05,-1,0.08,6.1300,5.7300,7.7100,5.1200
$50 NBA Daily 8/14,2020-08-14T22:51:41.922136,estk_03938e5ab72be95e57693decb131a860,evt_03938e5ab72be95e,Lou Williams,NBA,19.8,18.22,0,0.08,5.7100,5.2200,7.6200,4.4200
$50 NBA Daily 8/14,2020-08-14T22:51:41.922140,estk_03938e5ab72be95e6e1b2c66fb087a89,evt_03938e5ab72be95e,Danilo Gallinari,NBA,20.34,17.21,-1.5,0.08,5.7000,5.3400,7.2900,4.5200
$50 NBA Daily 8/14,2020-08-14T22:51:41.922147,estk_03938e5ab72be95e0b5bea604e9b515d,evt_03938e5ab72be95e,Nerlens Noel,NBA,18.49,17.01,0,0.08,5.3300,4.9300,6.7500,3.9200
$50 NBA Daily 8/14,2020-08-14T22:51:41.922151,estk_03938e5ab72be95ed5d16483f5148c0b,evt_03938e5ab72be95e,Darius Bazley,NBA,18.42,16.95,0,0.08,5.2900,4.9100,6.7400,3.9300
$50 NBA Daily 8/14,2020-08-14T22:51:41.922155,estk_03938e5ab72be95ed086e77c2f7fd9b3,evt_03938e5ab72be95e,Hamidou Diallo,NBA,18.39,16.92,0,0.08,5.2900,4.9000,6.7100,3.9500
$50 NBA Daily 8/14,2020-08-14T22:51:41.922177,estk_03938e5ab72be95ebb115bd4f54ff319,evt_03938e5ab72be95e,Kawhi Leonard,NBA,11.63,10.7,0,0.08,3.5800,11.0000,5.2600,2.6600
$50 NBA Daily 8/14,2020-08-14T22:51:41.922180,estk_03938e5ab72be95ef59563a6406f63f4,evt_03938e5ab72be95e,Paul George,NBA,10.67,9.82,0,0.08,3.3100,9.9600,5.0400,1.9100
$50 NBA Daily 8/14,2020-08-14T22:51:41.922184,estk_03938e5ab72be95e6e82fa5f30bdfa80,evt_03938e5ab72be95e,Marcus Morris,NBA,7.1,6.53,0,0.08,2.7100,5.7500,4.3600,1.2700
$50 NBA Daily 8/14,2020-08-14T22:51:41.922188,estk_03938e5ab72be95eaf1a06f413850d3c,evt_03938e5ab72be95e,Montrezl Harrell,NBA,0,0,0,0.08,1.0000,1.6600,2.5200,
$50 NBA Daily 8/14,2020-08-14T22:51:41.922192,estk_03938e5ab72be95e85078b5202b93fb5,evt_03938e5ab72be95e,Luguentz Dort,NBA,0,0,0,0.08,1.0000,1.4300,2.5200,
$50 NBA Daily 8/14,2020-08-14T22:51:41.922196,estk_03938e5ab72be95e86ea8af848cca3f6,evt_03938e5ab72be95e,Chris Paul,NBA,0,0,0,0.08,1.0000,3.2000,2.5200,
$50 NBA Daily 8/14,2020-08-14T22:51:41.922207,estk_03938e5ab72be95eb402a1af1291a618,evt_03938e5ab72be95e,Patrick Beverley,NBA,0,0,0,0.08,1.0000,1.4700,2.5200,
$50 NBA Daily 8/14,2020-08-14T22:52:42.922244,estk_03938e5ab72be95e85e7a39b281a7530,evt_03938e5ab72be95e,Ivica Zubac,NBA,25.69,27.88,4.5,0.09,9.2600,6.7700,10.9500,7.5700
$50 NBA Daily 8/14,2020-08-14T22:52:42.922251,estk_03938e5ab72be95ee9aea717e9a5e7f3,evt_03938e5ab72be95e,Reggie Jackson,NBA,26.3,27.18,3.25,0.09,9.1400,5.9200,,7.4600
$50 NBA Daily 8/14,2020-08-14T22:52:42.922259,estk_03938e5ab72be95ef101f1906b677e1c,evt_03938e5ab72be95e,JaMychal Green,NBA,22.79,26.24,5.5,0.09,8.4100,4.6200,,6.7400
$50 NBA Daily 8/14,2020-08-14T22:52:42.922267,estk_03938e5ab72be95e4d546eba965e40a0,evt_03938e5ab72be95e,Steven Adams,NBA,23.31,23.46,2.25,0.09,7.3100,6.1300,8.8600,5.6600
$50 NBA Daily 8/14,2020-08-14T22:52:42.922270,estk_03938e5ab72be95ece8e428feaa184fb,evt_03938e5ab72be95e,Dennis Schroder,NBA,21.19,23.28,4,0.09,7.2800,3.7000,9.2700,6.1000
$50 NBA Daily 8/14,2020-08-14T22:52:42.922286,estk_03938e5ab72be95e33aee19dae855240,evt_03938e5ab72be95e,Shai Gilgeous-Alexander,NBA,21.79,20.83,1,0.09,5.7100,5.7300,7.7100,4.8300
$50 NBA Daily 8/14,2020-08-14T22:52:42.922293,estk_03938e5ab72be95e57693decb131a860,evt_03938e5ab72be95e,Lou Williams,NBA,19.8,18.02,0,0.09,5.3700,5.2200,7.6400,4.4200
$50 NBA Daily 8/14,2020-08-14T22:52:42.922304,estk_03938e5ab72be95e6e1b2c66fb087a89,evt_03938e5ab72be95e,Danilo Gallinari,NBA,20.34,19.01,0.5,0.09,5.0600,5.3400,,4.5200
$50 NBA Daily 8/14,2020-08-14T22:52:42.922308,estk_03938e5ab72be95e0b5bea604e9b515d,evt_03938e5ab72be95e,Nerlens Noel,NBA,18.49,16.83,0,0.09,5.0100,4.9300,6.7500,3.9200
$50 NBA Daily 8/14,2020-08-14T22:52:42.922312,estk_03938e5ab72be95ed5d16483f5148c0b,evt_03938e5ab72be95e,Darius Bazley,NBA,18.42,16.76,0,0.09,5.0000,4.9100,6.7400,3.9300
$50 NBA Daily 8/14,2020-08-14T22:52:42.922316,estk_03938e5ab72be95ed086e77c2f7fd9b3,evt_03938e5ab72be95e,Hamidou Diallo,NBA,18.39,16.73,0,0.09,5.0000,4.9000,6.7100,3.9500
$50 NBA Daily 8/14,2020-08-14T22:52:42.922331,estk_03938e5ab72be95ebb115bd4f54ff319,evt_03938e5ab72be95e,Kawhi Leonard,NBA,11.63,10.58,0,0.09,3.3800,11.0000,5.2600,2.1100
$50 NBA Daily 8/14,2020-08-14T22:52:42.922334,estk_03938e5ab72be95ef59563a6406f63f4,evt_03938e5ab72be95e,Paul George,NBA,10.67,9.71,0,0.09,3.2300,9.9600,5.0400,1.9100
$50 NBA Daily 8/14,2020-08-14T22:52:42.922338,estk_03938e5ab72be95e6e82fa5f30bdfa80,evt_03938e5ab72be95e,Marcus Morris,NBA,7.1,6.46,0,0.09,2.6000,5.7500,4.3600,1.2700
$50 NBA Daily 8/14,2020-08-14T22:52:42.922342,estk_03938e5ab72be95eaf1a06f413850d3c,evt_03938e5ab72be95e,Montrezl Harrell,NBA,0,0,0,0.09,1.0000,1.6600,2.5200,
$50 NBA Daily 8/14,2020-08-14T22:52:42.922346,estk_03938e5ab72be95e85078b5202b93fb5,evt_03938e5ab72be95e,Luguentz Dort,NBA,0,0,0,0.09,1.0000,1.4300,2.5200,
$50 NBA Daily 8/14,2020-08-14T22:52:42.922350,estk_03938e5ab72be95e86ea8af848cca3f6,evt_03938e5ab72be95e,Chris Paul,NBA,0,0,0,0.09,1.0000,3.2000,2.5200,
$50 NBA Daily 8/14,2020-08-14T22:52:42.922357,estk_03938e5ab72be95eb402a1af1291a618,evt_03938e5ab72be95e,Patrick Beverley,NBA,0,0,0,0.09,1.0000,1.4700,2.5200,
$50 NBA Daily 8/14,2020-08-14T22:53:43.611021,estk_03938e5ab72be95e85e7a39b281a7530,evt_03938e5ab72be95e,Ivica Zubac,NBA,25.69,27.62,4.5,0.1,9.2600,6.7700,10.9500,7.5700
$50 NBA Daily 8/14,2020-08-14T22:53:43.611028,estk_03938e5ab72be95ee9aea717e9a5e7f3,evt_03938e5ab72be95e,Reggie Jackson,NBA,26.3,26.42,2.75,0.1,8.7200,5.9200,10.3900,7.4600
$50 NBA Daily 8/14,2020-08-14T22:53:43.611036,estk_03938e5ab72be95ef101f1906b677e1c,evt_03938e5ab72be95e,JaMychal Green,NBA,22.79,26.01,5.5,0.1,8.3400,4.6200,10.0100,6.7400
$50 NBA Daily 8/14,2020-08-14T22:53:43.611043,estk_03938e5ab72be95e4d546eba965e40a0,evt_03938e5ab72be95e,Steven Adams,NBA,23.31,23.23,2.25,0.1,7.3100,6.1300,8.8600,5.6600
$50 NBA Daily 8/14,2020-08-14T22:53:43.611047,estk_03938e5ab72be95ece8e428feaa184fb,evt_03938e5ab72be95e,Dennis Schroder,NBA,21.19,23.07,4,0.1,7.2800,3.7000,9.2700,6.1000
$50 NBA Daily 8/14,2020-08-14T22:53:43.611062,estk_03938e5ab72be95e33aee19dae855240,evt_03938e5ab72be95e,Shai Gilgeous-Alexander,NBA,21.79,24.61,5,0.1,5.7100,5.7300,7.7100,4.8300
$50 NBA Daily 8/14,2020-08-14T22:53:43.611069,estk_03938e5ab72be95e57693decb131a860,evt_03938e5ab72be95e,Lou Williams,NBA,19.8,17.82,0,0.1,5.3700,5.2200,6.9800,4.4200
$50 NBA Daily 8/14,2020-08-14T22:53:43.611080,estk_03938e5ab72be95e6e1b2c66fb087a89,evt_03938e5ab72be95e,Danilo Gallinari,NBA,20.34,18.81,0.5,0.1,5.0600,5.3400,6.6600,4.2000
$50 NBA Daily 8/14,2020-08-14T22:53:43.611084,estk_03938e5ab72be95ed5d16483f5148c0b,evt_03938e5ab72be95e,Darius Bazley,NBA,18.42,16.58,0,0.1,5.0000,4.9100,6.7400,3.9300
$50 NBA Daily 8/14,2020-08-14T22:53:43.611088,estk_03938e5ab72be95e0b5bea604e9b515d,evt_03938e5ab72be95e,Nerlens Noel,NBA,18.49,16.64,0,0.1,4.9200,4.9300,6.5200,3.9200
$50 NBA Daily 8/14,2020-08-14T22:53:43.611092,estk_03938e5ab72be95ed086e77c2f7fd9b3,evt_03938e5ab72be95e,Hamidou Diallo,NBA,18.39,16.55,0,0.1,4.8600,4.9000,6.7100,3.9500
$50 NBA Daily 8/14,2020-08-14T22:53:43.611106,estk_03938e5ab72be95ebb115bd4f54ff319,evt_03938e5ab72be95e,Kawhi Leonard,NBA,11.63,10.47,0,0.1,3.3800,11.0000,5.2600,2.1100
$50 NBA Daily 8/14,2020-08-14T22:53:43.611110,estk_03938e5ab72be95ef59563a6406f63f4,evt_03938e5ab72be95e,Paul George,NBA,10.67,9.6,0,0.1,3.2300,9.9600,5.0400,1.9100
$50 NBA Daily 8/14,2020-08-14T22:53:43.611114,estk_03938e5ab72be95e6e82fa5f30bdfa80,evt_03938e5ab72be95e,Marcus Morris,NBA,7.1,6.39,0,0.1,2.5700,5.7500,4.3600,1.2700
$50 NBA Daily 8/14,2020-08-14T22:53:43.611117,estk_03938e5ab72be95eaf1a06f413850d3c,evt_03938e5ab72be95e,Montrezl Harrell,NBA,0,0,0,0.1,1.0000,1.6600,2.5200,
$50 NBA Daily 8/14,2020-08-14T22:53:43.611121,estk_03938e5ab72be95e85078b5202b93fb5,evt_03938e5ab72be95e,Luguentz Dort,NBA,0,0,0,0.1,1.0000,1.4300,2.5200,
$50 NBA Daily 8/14,2020-08-14T22:53:43.611125,estk_03938e5ab72be95e86ea8af848cca3f6,evt_03938e5ab72be95e,Chris Paul,NBA,0,0,0,0.1,1.0000,3.2000,2.5200,
$50 NBA Daily 8/14,2020-08-14T22:53:43.611133,estk_03938e5ab72be95eb402a1af1291a618,evt_03938e5ab72be95e,Patrick Beverley,NBA,0,0,0,0.1,1.0000,1.4700,2.5200,
$50 NBA Daily 8/14,2020-08-14T22:58:46.794115,estk_03938e5ab72be95e85e7a39b281a7530,evt_03938e5ab72be95e,Ivica Zubac,NBA,25.69,26.61,4,0.12,8.8800,6.7700,10.9500,7.5700
$50 NBA Daily 8/14,2020-08-14T22:58:46.794126,estk_03938e5ab72be95ee9aea717e9a5e7f3,evt_03938e5ab72be95e,Reggie Jackson,NBA,26.3,25.89,2.75,0.12,8.3300,5.9200,10.2600,7.4600
$50 NBA Daily 8/14,2020-08-14T22:58:46.794130,estk_03938e5ab72be95ef101f1906b677e1c,evt_03938e5ab72be95e,JaMychal Green,NBA,22.79,25.56,5.5,0.12,8.2800,4.6200,10.0100,6.7400
$50 NBA Daily 8/14,2020-08-14T22:58:46.794134,estk_03938e5ab72be95e33aee19dae855240,evt_03938e5ab72be95e,Shai Gilgeous-Alexander,NBA,21.79,25.43,6.25,0.12,7.6800,5.7300,9.4300,6.1100
$50 NBA Daily 8/14,2020-08-14T22:58:46.794146,estk_03938e5ab72be95e4d546eba965e40a0,evt_03938e5ab72be95e,Steven Adams,NBA,23.31,24.01,3.5,0.12,7.1500,6.1300,8.8600,5.6600
$50 NBA Daily 8/14,2020-08-14T22:58:46.794149,estk_03938e5ab72be95ece8e428feaa184fb,evt_03938e5ab72be95e,Dennis Schroder,NBA,21.19,24.65,6,0.12,7.0300,3.7000,8.7200,6.1000
$50 NBA Daily 8/14,2020-08-14T22:58:46.794165,estk_03938e5ab72be95e6e1b2c66fb087a89,evt_03938e5ab72be95e,Danilo Gallinari,NBA,20.34,18.4,0.5,0.12,5.5600,5.3400,7.1900,4.2000
$50 NBA Daily 8/14,2020-08-14T22:58:46.794175,estk_03938e5ab72be95e57693decb131a860,evt_03938e5ab72be95e,Lou Williams,NBA,19.8,17.42,0,0.12,5.2000,5.2200,6.9800,4.1700
$50 NBA Daily 8/14,2020-08-14T22:58:46.794179,estk_03938e5ab72be95ed5d16483f5148c0b,evt_03938e5ab72be95e,Darius Bazley,NBA,18.42,16.21,0,0.12,4.9200,4.9100,6.7400,3.9300
$50 NBA Daily 8/14,2020-08-14T22:58:46.794183,estk_03938e5ab72be95e0b5bea604e9b515d,evt_03938e5ab72be95e,Nerlens Noel,NBA,18.49,16.27,0,0.12,4.8500,4.9300,6.5200,3.9200
$50 NBA Daily 8/14,2020-08-14T22:58:46.794187,estk_03938e5ab72be95ed086e77c2f7fd9b3,evt_03938e5ab72be95e,Hamidou Diallo,NBA,18.39,16.18,0,0.12,4.8500,4.9000,6.7100,3.9500
$50 NBA Daily 8/14,2020-08-14T22:58:46.794201,estk_03938e5ab72be95ebb115bd4f54ff319,evt_03938e5ab72be95e,Kawhi Leonard,NBA,11.63,10.23,0,0.12,3.2600,11.0000,5.2600,2.1100
$50 NBA Daily 8/14,2020-08-14T22:58:46.794205,estk_03938e5ab72be95ef59563a6406f63f4,evt_03938e5ab72be95e,Paul George,NBA,10.67,9.39,0,0.12,3.0700,9.9600,5.0400,1.9100
$50 NBA Daily 8/14,2020-08-14T22:58:46.794208,estk_03938e5ab72be95e6e82fa5f30bdfa80,evt_03938e5ab72be95e,Marcus Morris,NBA,7.1,6.25,0,0.12,2.5300,5.7500,4.3600,1.2700
$50 NBA Daily 8/14,2020-08-14T22:58:46.794212,estk_03938e5ab72be95eaf1a06f413850d3c,evt_03938e5ab72be95e,Montrezl Harrell,NBA,0,0,0,0.12,1.0000,1.6600,2.5200,
$50 NBA Daily 8/14,2020-08-14T22:58:46.794216,estk_03938e5ab72be95e85078b5202b93fb5,evt_03938e5ab72be95e,Luguentz Dort,NBA,0,0,0,0.12,1.0000,1.4300,2.5200,
$50 NBA Daily 8/14,2020-08-14T22:58:46.794220,estk_03938e5ab72be95e86ea8af848cca3f6,evt_03938e5ab72be95e,Chris Paul,NBA,0,0,0,0.12,1.0000,3.2000,2.5200,
$50 NBA Daily 8/14,2020-08-14T22:58:46.794227,estk_03938e5ab72be95eb402a1af1291a618,evt_03938e5ab72be95e,Patrick Beverley,NBA,0,0,0,0.12,1.0000,1.4700,2.5200,
$50 NBA Daily 8/14,2020-08-14T23:00:47.819364,estk_03938e5ab72be95e85e7a39b281a7530,evt_03938e5ab72be95e,Ivica Zubac,NBA,25.69,25.84,4,0.15,8.5500,6.7700,10.2200,7.5700
$50 NBA Daily 8/14,2020-08-14T23:00:47.819374,estk_03938e5ab72be95ee9aea717e9a5e7f3,evt_03938e5ab72be95e,Reggie Jackson,NBA,26.3,25.11,2.75,0.15,8.3000,5.9200,10.2600,7.0500
$50 NBA Daily 8/14,2020-08-14T23:00:47.819379,estk_03938e5ab72be95ef101f1906b677e1c,evt_03938e5ab72be95e,JaMychal Green,NBA,22.79,29.62,10.25,0.15,8.1200,4.6200,10.0100,6.7400
$50 NBA Daily 8/14,2020-08-14T23:00:47.819383,estk_03938e5ab72be95e33aee19dae855240,evt_03938e5ab72be95e,Shai Gilgeous-Alexander,NBA,21.79,23.27,4.75,0.15,7.9700,5.7300,9.4300,6.3100
$50 NBA Daily 8/14,2020-08-14T23:00:47.819387,estk_03938e5ab72be95ece8e428feaa184fb,evt_03938e5ab72be95e,Dennis Schroder,NBA,21.19,23.51,5.5,0.15,7.6900,3.7000,9.3400,6.1000
$50 NBA Daily 8/14,2020-08-14T23:00:47.819395,estk_03938e5ab72be95e4d546eba965e40a0,evt_03938e5ab72be95e,Steven Adams,NBA,23.31,23.31,3.5,0.15,7.5000,6.1300,8.8600,5.6600
$50 NBA Daily 8/14,2020-08-14T23:00:47.819413,estk_03938e5ab72be95e6e1b2c66fb087a89,evt_03938e5ab72be95e,Danilo Gallinari,NBA,20.34,19.04,1.75,0.15,5.3900,5.3400,7.1900,4.2000
$50 NBA Daily 8/14,2020-08-14T23:00:47.819424,estk_03938e5ab72be95e57693decb131a860,evt_03938e5ab72be95e,Lou Williams,NBA,19.8,16.83,0,0.15,5.1300,5.2200,6.9800,4.1700
$50 NBA Daily 8/14,2020-08-14T23:00:47.819428,estk_03938e5ab72be95ed5d16483f5148c0b,evt_03938e5ab72be95e,Darius Bazley,NBA,18.42,15.66,0,0.15,4.8000,4.9100,6.7400,3.9300
$50 NBA Daily 8/14,2020-08-14T23:00:47.819432,estk_03938e5ab72be95ed086e77c2f7fd9b3,evt_03938e5ab72be95e,Hamidou Diallo,NBA,18.39,15.63,0,0.15,4.7000,4.9000,6.7100,3.7600
$50 NBA Daily 8/14,2020-08-14T23:00:47.819435,estk_03938e5ab72be95e0b5bea604e9b515d,evt_03938e5ab72be95e,Nerlens Noel,NBA,18.49,15.22,-0.5,0.15,4.6900,4.9300,6.5200,3.7200
$50 NBA Daily 8/14,2020-08-14T23:00:47.819450,estk_03938e5ab72be95ebb115bd4f54ff319,evt_03938e5ab72be95e,Kawhi Leonard,NBA,11.63,9.89,0,0.15,3.1900,11.0000,4.7500,2.1100
$50 NBA Daily 8/14,2020-08-14T23:00:47.819453,estk_03938e5ab72be95ef59563a6406f63f4,evt_03938e5ab72be95e,Paul George,NBA,10.67,9.07,0,0.15,3.0300,9.9600,4.5900,1.9100
$50 NBA Daily 8/14,2020-08-14T23:00:47.819457,estk_03938e5ab72be95e6e82fa5f30bdfa80,evt_03938e5ab72be95e,Marcus Morris,NBA,7.1,6.03,0,0.15,2.4900,5.7500,4.3600,1.2700
$50 NBA Daily 8/14,2020-08-14T23:00:47.819461,estk_03938e5ab72be95eaf1a06f413850d3c,evt_03938e5ab72be95e,Montrezl Harrell,NBA,0,0,0,0.15,1.0000,1.6600,2.5200,
$50 NBA Daily 8/14,2020-08-14T23:00:47.819465,estk_03938e5ab72be95e85078b5202b93fb5,evt_03938e5ab72be95e,Luguentz Dort,NBA,0,0,0,0.15,1.0000,1.4300,2.5200,
$50 NBA Daily 8/14,2020-08-14T23:00:47.819469,estk_03938e5ab72be95e86ea8af848cca3f6,evt_03938e5ab72be95e,Chris Paul,NBA,0,0,0,0.15,1.0000,3.2000,2.5200,
$50 NBA Daily 8/14,2020-08-14T23:00:47.819477,estk_03938e5ab72be95eb402a1af1291a618,evt_03938e5ab72be95e,Patrick Beverley,NBA,0,0,0,0.15,1.0000,1.4700,2.5200,
$50 NBA Daily 8/14,2020-08-14T23:02:49.125434,estk_03938e5ab72be95ef101f1906b677e1c,evt_03938e5ab72be95e,JaMychal Green,NBA,22.79,29.17,10.25,0.17,9.9900,4.6200,11.6500,8.2900
$50 NBA Daily 8/14,2020-08-14T23:02:49.125445,estk_03938e5ab72be95e85e7a39b281a7530,evt_03938e5ab72be95e,Ivica Zubac,NBA,25.69,25.32,4,0.17,8.2200,6.7700,10.2200,7.2500
$50 NBA Daily 8/14,2020-08-14T23:02:49.125449,estk_03938e5ab72be95ee9aea717e9a5e7f3,evt_03938e5ab72be95e,Reggie Jackson,NBA,26.3,24.58,2.75,0.17,7.9300,5.9200,9.5900,7.0500
$50 NBA Daily 8/14,2020-08-14T23:02:49.125461,estk_03938e5ab72be95ece8e428feaa184fb,evt_03938e5ab72be95e,Dennis Schroder,NBA,21.19,25.09,7.5,0.17,7.3300,3.7000,9.3400,6.1000
$50 NBA Daily 8/14,2020-08-14T23:02:49.125465,estk_03938e5ab72be95e33aee19dae855240,evt_03938e5ab72be95e,Shai Gilgeous-Alexander,NBA,21.79,22.84,4.75,0.17,7.2200,5.7300,8.7600,6.1100
$50 NBA Daily 8/14,2020-08-14T23:02:49.125469,estk_03938e5ab72be95e4d546eba965e40a0,evt_03938e5ab72be95e,Steven Adams,NBA,23.31,22.85,3.5,0.17,7.2000,6.1300,8.8600,5.6600
$50 NBA Daily 8/14,2020-08-14T23:02:49.125484,estk_03938e5ab72be95e6e1b2c66fb087a89,evt_03938e5ab72be95e,Danilo Gallinari,NBA,20.34,18.63,1.75,0.17,5.6400,5.3400,7.1900,4.2000
$50 NBA Daily 8/14,2020-08-14T23:02:49.125495,estk_03938e5ab72be95e57693decb131a860,evt_03938e5ab72be95e,Lou Williams,NBA,19.8,16.43,0,0.17,4.8900,5.2200,6.4500,3.7600
$50 NBA Daily 8/14,2020-08-14T23:02:49.125499,estk_03938e5ab72be95ed086e77c2f7fd9b3,evt_03938e5ab72be95e,Hamidou Diallo,NBA,18.39,15.26,0,0.17,4.5900,4.9000,6.1800,3.7100
$50 NBA Daily 8/14,2020-08-14T23:02:49.125502,estk_03938e5ab72be95ed5d16483f5148c0b,evt_03938e5ab72be95e,Darius Bazley,NBA,18.42,15.29,0,0.17,4.5800,4.9100,6.1500,3.6800
$50 NBA Daily 8/14,2020-08-14T23:02:49.125506,estk_03938e5ab72be95e0b5bea604e9b515d,evt_03938e5ab72be95e,Nerlens Noel,NBA,18.49,14.85,-0.5,0.17,4.4200,4.9300,6.0100,3.4100
$50 NBA Daily 8/14,2020-08-14T23:02:49.125521,estk_03938e5ab72be95ebb115bd4f54ff319,evt_03938e5ab72be95e,Kawhi Leonard,NBA,11.63,9.65,0,0.17,3.1500,11.0000,4.7500,2.1100
$50 NBA Daily 8/14,2020-08-14T23:02:49.125525,estk_03938e5ab72be95ef59563a6406f63f4,evt_03938e5ab72be95e,Paul George,NBA,10.67,8.86,0,0.17,2.9900,9.9600,4.5200,1.9100
$50 NBA Daily 8/14,2020-08-14T23:02:49.125528,estk_03938e5ab72be95e6e82fa5f30bdfa80,evt_03938e5ab72be95e,Marcus Morris,NBA,7.1,5.89,0,0.17,2.4100,5.7500,4.3600,1.2700
$50 NBA Daily 8/14,2020-08-14T23:02:49.125532,estk_03938e5ab72be95eaf1a06f413850d3c,evt_03938e5ab72be95e,Montrezl Harrell,NBA,0,0,0,0.17,1.0000,1.6600,2.5200,
$50 NBA Daily 8/14,2020-08-14T23:02:49.125535,estk_03938e5ab72be95e85078b5202b93fb5,evt_03938e5ab72be95e,Luguentz Dort,NBA,0,0,0,0.17,1.0000,1.4300,2.5200,
$50 NBA Daily 8/14,2020-08-14T23:02:49.125539,estk_03938e5ab72be95e86ea8af848cca3f6,evt_03938e5ab72be95e,Chris Paul,NBA,0,0,0,0.17,1.0000,3.2000,2.5200,
$50 NBA Daily 8/14,2020-08-14T23:02:49.125547,estk_03938e5ab72be95eb402a1af1291a618,evt_03938e5ab72be95e,Patrick Beverley,NBA,0,0,0,0.17,1.0000,1.4700,2.5200,
$50 NBA Daily 8/14,2020-08-14T23:04:50.627077,estk_03938e5ab72be95ef101f1906b677e1c,evt_03938e5ab72be95e,JaMychal Green,NBA,22.79,28.94,10.25,0.18,9.9300,4.6200,11.6500,8.2900
$50 NBA Daily 8/14,2020-08-14T23:04:50.627088,estk_03938e5ab72be95e85e7a39b281a7530,evt_03938e5ab72be95e,Ivica Zubac,NBA,25.69,25.07,4,0.18,8.0700,6.7700,10.2200,6.9200
$50 NBA Daily 8/14,2020-08-14T23:04:50.627092,estk_03938e5ab72be95ece8e428feaa184fb,evt_03938e5ab72be95e,Dennis Schroder,NBA,21.19,24.88,7.5,0.18,7.9800,3.7000,9.3400,6.2900
$50 NBA Daily 8/14,2020-08-14T23:04:50.627100,estk_03938e5ab72be95ee9aea717e9a5e7f3,evt_03938e5ab72be95e,Reggie Jackson,NBA,26.3,24.32,2.75,0.18,7.7800,5.9200,9.5900,6.7600
$50 NBA Daily 8/14,2020-08-14T23:04:50.627108,estk_03938e5ab72be95e33aee19dae855240,evt_03938e5ab72be95e,Shai Gilgeous-Alexander,NBA,21.79,25.37,7.5,0.18,7.1200,5.7300,8.7600,6.1100
$50 NBA Daily 8/14,2020-08-14T23:04:50.627112,estk_03938e5ab72be95e4d546eba965e40a0,evt_03938e5ab72be95e,Steven Adams,NBA,23.31,22.61,3.5,0.18,7.0900,6.1300,8.8600,5.6600
$50 NBA Daily 8/14,2020-08-14T23:04:50.627127,estk_03938e5ab72be95e6e1b2c66fb087a89,evt_03938e5ab72be95e,Danilo Gallinari,NBA,20.34,19.43,2.75,0.18,5.5000,5.3400,7.1900,4.2000
$50 NBA Daily 8/14,2020-08-14T23:04:50.627138,estk_03938e5ab72be95e57693decb131a860,evt_03938e5ab72be95e,Lou Williams,NBA,19.8,16.24,0,0.18,4.8100,5.2200,6.4500,3.7600
$50 NBA Daily 8/14,2020-08-14T23:04:50.627141,estk_03938e5ab72be95ed086e77c2f7fd9b3,evt_03938e5ab72be95e,Hamidou Diallo,NBA,18.39,15.08,0,0.18,4.4900,4.9000,6.1800,3.5500
$50 NBA Daily 8/14,2020-08-14T23:04:50.627145,estk_03938e5ab72be95ed5d16483f5148c0b,evt_03938e5ab72be95e,Darius Bazley,NBA,18.42,15.1,0,0.18,4.4400,4.9100,6.1500,3.4000
$50 NBA Daily 8/14,2020-08-14T23:04:50.627153,estk_03938e5ab72be95e0b5bea604e9b515d,evt_03938e5ab72be95e,Nerlens Noel,NBA,18.49,14.66,-0.5,0.18,4.3200,4.9300,6.0100,3.4100
$50 NBA Daily 8/14,2020-08-14T23:04:50.627164,estk_03938e5ab72be95ebb115bd4f54ff319,evt_03938e5ab72be95e,Kawhi Leonard,NBA,11.63,9.54,0,0.18,3.0600,11.0000,4.7500,2.1100
$50 NBA Daily 8/14,2020-08-14T23:04:50.627168,estk_03938e5ab72be95ef59563a6406f63f4,evt_03938e5ab72be95e,Paul George,NBA,10.67,8.75,0,0.18,2.9300,9.9600,4.5200,1.9100
$50 NBA Daily 8/14,2020-08-14T23:04:50.627172,estk_03938e5ab72be95e6e82fa5f30bdfa80,evt_03938e5ab72be95e,Marcus Morris,NBA,7.1,5.82,0,0.18,2.4300,5.7500,4.3600,1.2700
$50 NBA Daily 8/14,2020-08-14T23:04:50.627175,estk_03938e5ab72be95eaf1a06f413850d3c,evt_03938e5ab72be95e,Montrezl Harrell,NBA,0,0,0,0.18,1.0000,1.6600,2.5200,
$50 NBA Daily 8/14,2020-08-14T23:04:50.627180,estk_03938e5ab72be95e85078b5202b93fb5,evt_03938e5ab72be95e,Luguentz Dort,NBA,0,0,0,0.18,1.0000,1.4300,2.5200,
$50 NBA Daily 8/14,2020-08-14T23:04:50.627184,estk_03938e5ab72be95e86ea8af848cca3f6,evt_03938e5ab72be95e,Chris Paul,NBA,0,0,0,0.18,1.0000,3.2000,2.5200,
$50 NBA Daily 8/14,2020-08-14T23:04:50.627191,estk_03938e5ab72be95eb402a1af1291a618,evt_03938e5ab72be95e,Patrick Beverley,NBA,0,0,0,0.18,1.0000,1.4700,2.5200,
$50 NBA Daily 8/14,2020-08-14T23:08:52.924811,estk_03938e5ab72be95ef101f1906b677e1c,evt_03938e5ab72be95e,JaMychal Green,NBA,22.79,28.25,10.25,0.21,9.6100,4.6200,11.6500,8.2900
$50 NBA Daily 8/14,2020-08-14T23:08:52.924821,estk_03938e5ab72be95e33aee19dae855240,evt_03938e5ab72be95e,Shai Gilgeous-Alexander,NBA,21.79,32.21,15,0.21,8.0800,5.7300,9.6300,6.3700
$50 NBA Daily 8/14,2020-08-14T23:08:52.924825,estk_03938e5ab72be95e85e7a39b281a7530,evt_03938e5ab72be95e,Ivica Zubac,NBA,25.69,24.3,4,0.21,7.9700,6.7700,9.5300,6.9200
$50 NBA Daily 8/14,2020-08-14T23:08:52.924830,estk_03938e5ab72be95ece8e428feaa184fb,evt_03938e5ab72be95e,Dennis Schroder,NBA,21.19,24.24,7.5,0.21,7.8500,3.7000,9.3400,6.2900
$50 NBA Daily 8/14,2020-08-14T23:08:52.924838,estk_03938e5ab72be95ee9aea717e9a5e7f3,evt_03938e5ab72be95e,Reggie Jackson,NBA,26.3,23.53,2.75,0.21,7.6100,5.9200,9.5900,6.3400
$50 NBA Daily 8/14,2020-08-14T23:08:52.924846,estk_03938e5ab72be95e4d546eba965e40a0,evt_03938e5ab72be95e,Steven Adams,NBA,23.31,21.91,3.5,0.21,6.9300,6.1300,8.8600,5.6600
$50 NBA Daily 8/14,2020-08-14T23:08:52.924857,estk_03938e5ab72be95e6e1b2c66fb087a89,evt_03938e5ab72be95e,Danilo Gallinari,NBA,20.34,18.82,2.75,0.21,5.7800,5.3400,7.1900,4.2000
$50 NBA Daily 8/14,2020-08-14T23:08:52.924871,estk_03938e5ab72be95e57693decb131a860,evt_03938e5ab72be95e,Lou Williams,NBA,19.8,15.64,0,0.21,4.6900,5.2200,6.4500,3.7600
$50 NBA Daily 8/14,2020-08-14T23:08:52.924878,estk_03938e5ab72be95ed086e77c2f7fd9b3,evt_03938e5ab72be95e,Hamidou Diallo,NBA,18.39,14.53,0,0.21,4.3700,4.9000,6.1800,3.4000
$50 NBA Daily 8/14,2020-08-14T23:08:52.924882,estk_03938e5ab72be95ed5d16483f5148c0b,evt_03938e5ab72be95e,Darius Bazley,NBA,18.42,15.8,1.25,0.21,4.3600,4.9100,6.1500,3.4000
$50 NBA Daily 8/14,2020-08-14T23:08:52.924886,estk_03938e5ab72be95e0b5bea604e9b515d,evt_03938e5ab72be95e,Nerlens Noel,NBA,18.49,14.11,-0.5,0.21,4.2600,4.9300,6.0100,3.3200
$50 NBA Daily 8/14,2020-08-14T23:08:52.924898,estk_03938e5ab72be95ebb115bd4f54ff319,evt_03938e5ab72be95e,Kawhi Leonard,NBA,11.63,9.19,0,0.21,3.0000,11.0000,4.7500,2.1100
$50 NBA Daily 8/14,2020-08-14T23:08:52.924901,estk_03938e5ab72be95ef59563a6406f63f4,evt_03938e5ab72be95e,Paul George,NBA,10.67,8.43,0,0.21,2.8600,9.9600,4.5200,1.9100
$50 NBA Daily 8/14,2020-08-14T23:08:52.924905,estk_03938e5ab72be95e6e82fa5f30bdfa80,evt_03938e5ab72be95e,Marcus Morris,NBA,7.1,5.61,0,0.21,2.3600,5.7500,3.8900,1.2700
$50 NBA Daily 8/14,2020-08-14T23:08:52.924909,estk_03938e5ab72be95eaf1a06f413850d3c,evt_03938e5ab72be95e,Montrezl Harrell,NBA,0,0,0,0.21,1.0000,1.6600,2.5200,
$50 NBA Daily 8/14,2020-08-14T23:08:52.924912,estk_03938e5ab72be95e85078b5202b93fb5,evt_03938e5ab72be95e,Luguentz Dort,NBA,0,0,0,0.21,1.0000,1.4300,2.5200,
$50 NBA Daily 8/14,2020-08-14T23:08:52.924916,estk_03938e5ab72be95e86ea8af848cca3f6,evt_03938e5ab72be95e,Chris Paul,NBA,0,0,0,0.21,1.0000,3.2000,2.5200,
$50 NBA Daily 8/14,2020-08-14T23:08:52.924924,estk_03938e5ab72be95eb402a1af1291a618,evt_03938e5ab72be95e,Patrick Beverley,NBA,0,0,0,0.21,1.0000,1.4700,2.5200,
$50 NBA Daily 8/14,2020-08-14T23:10:54.102988,estk_03938e5ab72be95e33aee19dae855240,evt_03938e5ab72be95e,Shai Gilgeous-Alexander,NBA,21.79,32,15,0.22,11.2500,5.7300,13.0500,9.5900
$50 NBA Daily 8/14,2020-08-14T23:10:54.102995,estk_03938e5ab72be95ef101f1906b677e1c,evt_03938e5ab72be95e,JaMychal Green,NBA,22.79,28.03,10.25,0.22,9.3200,4.6200,11.0200,8.2900
$50 NBA Daily 8/14,2020-08-14T23:10:54.103007,estk_03938e5ab72be95e85e7a39b281a7530,evt_03938e5ab72be95e,Ivica Zubac,NBA,25.69,24.04,4,0.22,7.6100,6.7700,9.5300,6.5600
$50 NBA Daily 8/14,2020-08-14T23:10:54.103010,estk_03938e5ab72be95ece8e428feaa184fb,evt_03938e5ab72be95e,Dennis Schroder,NBA,21.19,24.03,7.5,0.22,7.5400,3.7000,9.3400,6.2900
$50 NBA Daily 8/14,2020-08-14T23:10:54.103018,estk_03938e5ab72be95ee9aea717e9a5e7f3,evt_03938e5ab72be95e,Reggie Jackson,NBA,26.3,22.76,2.25,0.22,7.1900,5.9200,8.8200,6.2700
$50 NBA Daily 8/14,2020-08-14T23:10:54.103025,estk_03938e5ab72be95e4d546eba965e40a0,evt_03938e5ab72be95e,Steven Adams,NBA,23.31,21.68,3.5,0.22,6.5800,6.1300,8.1900,5.6600
$50 NBA Daily 8/14,2020-08-14T23:10:54.103036,estk_03938e5ab72be95e6e1b2c66fb087a89,evt_03938e5ab72be95e,Danilo Gallinari,NBA,20.34,18.62,2.75,0.22,5.4500,5.3400,7.1900,4.2000
$50 NBA Daily 8/14,2020-08-14T23:10:54.103047,estk_03938e5ab72be95e57693decb131a860,evt_03938e5ab72be95e,Lou Williams,NBA,19.8,15.44,0,0.22,4.5100,5.2200,6.4500,3.5300
$50 NBA Daily 8/14,2020-08-14T23:10:54.103051,estk_03938e5ab72be95ed5d16483f5148c0b,evt_03938e5ab72be95e,Darius Bazley,NBA,18.42,15.62,1.25,0.22,4.4800,4.9100,6.1500,3.4000
$50 NBA Daily 8/14,2020-08-14T23:10:54.103058,estk_03938e5ab72be95ed086e77c2f7fd9b3,evt_03938e5ab72be95e,Hamidou Diallo,NBA,18.39,14.34,0,0.22,4.1300,4.9000,6.1800,3.2600
$50 NBA Daily 8/14,2020-08-14T23:10:54.103062,estk_03938e5ab72be95e0b5bea604e9b515d,evt_03938e5ab72be95e,Nerlens Noel,NBA,18.49,13.92,-0.5,0.22,4.0400,4.9300,6.0100,2.8400
$50 NBA Daily 8/14,2020-08-14T23:10:54.103073,estk_03938e5ab72be95ebb115bd4f54ff319,evt_03938e5ab72be95e,Kawhi Leonard,NBA,11.63,9.07,0,0.22,2.8900,11.0000,4.7500,2.1100
$50 NBA Daily 8/14,2020-08-14T23:10:54.103077,estk_03938e5ab72be95ef59563a6406f63f4,evt_03938e5ab72be95e,Paul George,NBA,10.67,8.32,0,0.22,2.7800,9.9600,4.5200,1.9100
$50 NBA Daily 8/14,2020-08-14T23:10:54.103080,estk_03938e5ab72be95e6e82fa5f30bdfa80,evt_03938e5ab72be95e,Marcus Morris,NBA,7.1,5.54,0,0.22,2.2700,5.7500,3.8400,1.2700
$50 NBA Daily 8/14,2020-08-14T23:10:54.103084,estk_03938e5ab72be95eaf1a06f413850d3c,evt_03938e5ab72be95e,Montrezl Harrell,NBA,0,0,0,0.22,1.0000,1.6600,2.5200,
$50 NBA Daily 8/14,2020-08-14T23:10:54.103088,estk_03938e5ab72be95e85078b5202b93fb5,evt_03938e5ab72be95e,Luguentz Dort,NBA,0,0,0,0.22,1.0000,1.4300,2.5200,
$50 NBA Daily 8/14,2020-08-14T23:10:54.103092,estk_03938e5ab72be95e86ea8af848cca3f6,evt_03938e5ab72be95e,Chris Paul,NBA,0,0,0,0.22,1.0000,3.2000,2.5200,
$50 NBA Daily 8/14,2020-08-14T23:10:54.103099,estk_03938e5ab72be95eb402a1af1291a618,evt_03938e5ab72be95e,Patrick Beverley,NBA,0,0,0,0.22,1.0000,1.4700,2.5200,
$50 NBA Daily 8/14,2020-08-14T23:11:54.824606,estk_03938e5ab72be95e33aee19dae855240,evt_03938e5ab72be95e,Shai Gilgeous-Alexander,NBA,21.79,31.78,15,0.23,11.1300,5.7300,13.0500,9.5900
$50 NBA Daily 8/14,2020-08-14T23:11:54.824612,estk_03938e5ab72be95ef101f1906b677e1c,evt_03938e5ab72be95e,JaMychal Green,NBA,22.79,27.8,10.25,0.23,9.3400,4.6200,11.0200,8.2900
$50 NBA Daily 8/14,2020-08-14T23:11:54.824664,estk_03938e5ab72be95ece8e428feaa184fb,evt_03938e5ab72be95e,Dennis Schroder,NBA,21.19,23.82,7.5,0.23,7.5200,3.7000,9.3400,6.2900
$50 NBA Daily 8/14,2020-08-14T23:11:54.824668,estk_03938e5ab72be95e85e7a39b281a7530,evt_03938e5ab72be95e,Ivica Zubac,NBA,25.69,23.78,4,0.23,7.4800,6.7700,9.5300,6.5600
$50 NBA Daily 8/14,2020-08-14T23:11:54.824676,estk_03938e5ab72be95ee9aea717e9a5e7f3,evt_03938e5ab72be95e,Reggie Jackson,NBA,26.3,22.5,2.25,0.23,6.9800,5.9200,8.8200,6.0600
$50 NBA Daily 8/14,2020-08-14T23:11:54.824683,estk_03938e5ab72be95e4d546eba965e40a0,evt_03938e5ab72be95e,Steven Adams,NBA,23.31,21.45,3.5,0.23,6.5000,6.1300,8.1900,5.6000
$50 NBA Daily 8/14,2020-08-14T23:11:54.824694,estk_03938e5ab72be95e6e1b2c66fb087a89,evt_03938e5ab72be95e,Danilo Gallinari,NBA,20.34,18.41,2.75,0.23,5.4600,5.3400,7.1900,4.2000
$50 NBA Daily 8/14,2020-08-14T23:11:54.824706,estk_03938e5ab72be95ed5d16483f5148c0b,evt_03938e5ab72be95e,Darius Bazley,NBA,18.42,16.68,2.5,0.23,4.5000,4.9100,6.1500,3.4000
$50 NBA Daily 8/14,2020-08-14T23:11:54.824709,estk_03938e5ab72be95e57693decb131a860,evt_03938e5ab72be95e,Lou Williams,NBA,19.8,15.25,0,0.23,4.3900,5.2200,6.4500,3.5300
$50 NBA Daily 8/14,2020-08-14T23:11:54.824717,estk_03938e5ab72be95ed086e77c2f7fd9b3,evt_03938e5ab72be95e,Hamidou Diallo,NBA,18.39,14.16,0,0.23,4.1100,4.9000,6.1800,3.2600
$50 NBA Daily 8/14,2020-08-14T23:11:54.824724,estk_03938e5ab72be95e0b5bea604e9b515d,evt_03938e5ab72be95e,Nerlens Noel,NBA,18.49,14.74,0.5,0.23,3.9900,4.9300,6.0100,2.8400
$50 NBA Daily 8/14,2020-08-14T23:11:54.824732,estk_03938e5ab72be95ebb115bd4f54ff319,evt_03938e5ab72be95e,Kawhi Leonard,NBA,11.63,8.96,0,0.23,2.8900,11.0000,4.7500,2.0600
$50 NBA Daily 8/14,2020-08-14T23:11:54.824735,estk_03938e5ab72be95ef59563a6406f63f4,evt_03938e5ab72be95e,Paul George,NBA,10.67,8.22,0,0.23,2.7500,9.9600,4.5200,1.9100
$50 NBA Daily 8/14,2020-08-14T23:11:54.824739,estk_03938e5ab72be95e6e82fa5f30bdfa80,evt_03938e5ab72be95e,Marcus Morris,NBA,7.1,5.47,0,0.23,2.2400,5.7500,3.8400,1.2700
$50 NBA Daily 8/14,2020-08-14T23:11:54.824743,estk_03938e5ab72be95eaf1a06f413850d3c,evt_03938e5ab72be95e,Montrezl Harrell,NBA,0,0,0,0.23,1.0000,1.6600,2.5200,
$50 NBA Daily 8/14,2020-08-14T23:11:54.824746,estk_03938e5ab72be95e85078b5202b93fb5,evt_03938e5ab72be95e,Luguentz Dort,NBA,0,0,0,0.23,1.0000,1.4300,2.5200,
$50 NBA Daily 8/14,2020-08-14T23:11:54.824750,estk_03938e5ab72be95e86ea8af848cca3f6,evt_03938e5ab72be95e,Chris Paul,NBA,0,0,0,0.23,1.0000,3.2000,2.5200,
$50 NBA Daily 8/14,2020-08-14T23:11:54.824758,estk_03938e5ab72be95eb402a1af1291a618,evt_03938e5ab72be95e,Patrick Beverley,NBA,0,0,0,0.23,1.0000,1.4700,2.5200,
$50 NBA Daily 8/14,2020-08-14T23:13:56.123373,estk_03938e5ab72be95e33aee19dae855240,evt_03938e5ab72be95e,Shai Gilgeous-Alexander,NBA,21.79,31.34,15,0.25,11.0600,5.7300,13.0500,9.5900
$50 NBA Daily 8/14,2020-08-14T23:13:56.123380,estk_03938e5ab72be95ef101f1906b677e1c,evt_03938e5ab72be95e,JaMychal Green,NBA,22.79,27.34,10.25,0.25,9.1100,4.6200,11.0200,8.0800
$50 NBA Daily 8/14,2020-08-14T23:13:56.123392,estk_03938e5ab72be95ee9aea717e9a5e7f3,evt_03938e5ab72be95e,Reggie Jackson,NBA,26.3,27.48,7.75,0.25,7.6800,5.9200,9.3300,6.0300
$50 NBA Daily 8/14,2020-08-14T23:13:56.123399,estk_03938e5ab72be95e85e7a39b281a7530,evt_03938e5ab72be95e,Ivica Zubac,NBA,25.69,23.27,4,0.25,7.3900,6.7700,9.0200,6.4100
$50 NBA Daily 8/14,2020-08-14T23:13:56.123403,estk_03938e5ab72be95ece8e428feaa184fb,evt_03938e5ab72be95e,Dennis Schroder,NBA,21.19,22.89,7,0.25,7.3600,3.7000,9.3400,6.2900
$50 NBA Daily 8/14,2020-08-14T23:13:56.123410,estk_03938e5ab72be95e4d546eba965e40a0,evt_03938e5ab72be95e,Steven Adams,NBA,23.31,20.98,3.5,0.25,6.3900,6.1300,8.1900,5.5300
$50 NBA Daily 8/14,2020-08-14T23:13:56.123425,estk_03938e5ab72be95e6e1b2c66fb087a89,evt_03938e5ab72be95e,Danilo Gallinari,NBA,20.34,18,2.75,0.25,5.3200,5.3400,7.1900,4.2000
$50 NBA Daily 8/14,2020-08-14T23:13:56.123432,estk_03938e5ab72be95ed5d16483f5148c0b,evt_03938e5ab72be95e,Darius Bazley,NBA,18.42,16.32,2.5,0.25,4.7600,4.9100,6.1500,3.4000
$50 NBA Daily 8/14,2020-08-14T23:13:56.123440,estk_03938e5ab72be95e57693decb131a860,evt_03938e5ab72be95e,Lou Williams,NBA,19.8,14.85,0,0.25,4.3700,5.2200,5.9400,3.2900
$50 NBA Daily 8/14,2020-08-14T23:13:56.123444,estk_03938e5ab72be95e0b5bea604e9b515d,evt_03938e5ab72be95e,Nerlens Noel,NBA,18.49,14.37,0.5,0.25,4.2200,4.9300,6.0100,2.8400
$50 NBA Daily 8/14,2020-08-14T23:13:56.123452,estk_03938e5ab72be95ed086e77c2f7fd9b3,evt_03938e5ab72be95e,Hamidou Diallo,NBA,18.39,13.79,0,0.25,4.0000,4.9000,5.5800,3.0000
$50 NBA Daily 8/14,2020-08-14T23:13:56.123459,estk_03938e5ab72be95ebb115bd4f54ff319,evt_03938e5ab72be95e,Kawhi Leonard,NBA,11.63,8.72,0,0.25,2.8200,11.0000,4.7500,2.0100
$50 NBA Daily 8/14,2020-08-14T23:13:56.123462,estk_03938e5ab72be95ef59563a6406f63f4,evt_03938e5ab72be95e,Paul George,NBA,10.67,8,0,0.25,2.6900,9.9600,4.5200,1.8100
$50 NBA Daily 8/14,2020-08-14T23:13:56.123466,estk_03938e5ab72be95e6e82fa5f30bdfa80,evt_03938e5ab72be95e,Marcus Morris,NBA,7.1,5.32,0,0.25,2.2800,5.7500,3.8400,1.2700
$50 NBA Daily 8/14,2020-08-14T23:13:56.123470,estk_03938e5ab72be95eaf1a06f413850d3c,evt_03938e5ab72be95e,Montrezl Harrell,NBA,0,0,0,0.25,1.0000,1.6600,2.5200,
$50 NBA Daily 8/14,2020-08-14T23:13:56.123474,estk_03938e5ab72be95e85078b5202b93fb5,evt_03938e5ab72be95e,Luguentz Dort,NBA,0,0,0,0.25,1.0000,1.4300,2.5200,
$50 NBA Daily 8/14,2020-08-14T23:13:56.123477,estk_03938e5ab72be95e86ea8af848cca3f6,evt_03938e5ab72be95e,Chris Paul,NBA,0,0,0,0.25,1.0000,3.2000,2.5200,
$50 NBA Daily 8/14,2020-08-14T23:13:56.123485,estk_03938e5ab72be95eb402a1af1291a618,evt_03938e5ab72be95e,Patrick Beverley,NBA,0,0,0,0.25,1.0000,1.4700,2.5200,
$50 NBA Daily 8/14,2020-08-14T23:17:58.689644,estk_03938e5ab72be95e33aee19dae855240,evt_03938e5ab72be95e,Shai Gilgeous-Alexander,NBA,21.79,33.12,17,0.26,10.9200,5.7300,13.0500,9.5900
$50 NBA Daily 8/14,2020-08-14T23:17:58.689651,estk_03938e5ab72be95ee9aea717e9a5e7f3,evt_03938e5ab72be95e,Reggie Jackson,NBA,26.3,27.21,7.75,0.26,9.0600,5.9200,10.7000,7.4000
$50 NBA Daily 8/14,2020-08-14T23:17:58.689659,estk_03938e5ab72be95ef101f1906b677e1c,evt_03938e5ab72be95e,JaMychal Green,NBA,22.79,27.11,10.25,0.26,8.9100,4.6200,11.0200,7.6500
$50 NBA Daily 8/14,2020-08-14T23:17:58.689670,estk_03938e5ab72be95e85e7a39b281a7530,evt_03938e5ab72be95e,Ivica Zubac,NBA,25.69,23.01,4,0.26,7.1800,6.7700,9.0200,5.8400
$50 NBA Daily 8/14,2020-08-14T23:17:58.689674,estk_03938e5ab72be95ece8e428feaa184fb,evt_03938e5ab72be95e,Dennis Schroder,NBA,21.19,22.68,7,0.26,7.0000,3.7000,8.6500,6.0600
$50 NBA Daily 8/14,2020-08-14T23:17:58.689681,estk_03938e5ab72be95e4d546eba965e40a0,evt_03938e5ab72be95e,Steven Adams,NBA,23.31,20.75,3.5,0.26,6.2200,6.1300,8.1900,5.1400
$50 NBA Daily 8/14,2020-08-14T23:17:58.689699,estk_03938e5ab72be95e6e1b2c66fb087a89,evt_03938e5ab72be95e,Danilo Gallinari,NBA,20.34,17.8,2.75,0.26,5.2600,5.3400,7.1900,4.2000
$50 NBA Daily 8/14,2020-08-14T23:17:58.689703,estk_03938e5ab72be95ed5d16483f5148c0b,evt_03938e5ab72be95e,Darius Bazley,NBA,18.42,16.13,2.5,0.26,4.6300,4.9100,6.1500,3.4000
$50 NBA Daily 8/14,2020-08-14T23:17:58.689710,estk_03938e5ab72be95e57693decb131a860,evt_03938e5ab72be95e,Lou Williams,NBA,19.8,14.65,0,0.26,4.2300,5.2200,5.9400,3.2900
$50 NBA Daily 8/14,2020-08-14T23:17:58.689715,estk_03938e5ab72be95e0b5bea604e9b515d,evt_03938e5ab72be95e,Nerlens Noel,NBA,18.49,14.18,0.5,0.26,4.1300,4.9300,6.0100,2.8400
$50 NBA Daily 8/14,2020-08-14T23:17:58.689722,estk_03938e5ab72be95ed086e77c2f7fd9b3,evt_03938e5ab72be95e,Hamidou Diallo,NBA,18.39,13.61,0,0.26,3.9400,4.9000,5.5800,3.0000
$50 NBA Daily 8/14,2020-08-14T23:17:58.689730,estk_03938e5ab72be95ebb115bd4f54ff319,evt_03938e5ab72be95e,Kawhi Leonard,NBA,11.63,8.61,0,0.26,2.7500,11.0000,4.7500,1.8100
$50 NBA Daily 8/14,2020-08-14T23:17:58.689734,estk_03938e5ab72be95ef59563a6406f63f4,evt_03938e5ab72be95e,Paul George,NBA,10.67,7.9,0,0.26,2.5900,9.9600,4.5200,1.7400
$50 NBA Daily 8/14,2020-08-14T23:17:58.689737,estk_03938e5ab72be95e6e82fa5f30bdfa80,evt_03938e5ab72be95e,Marcus Morris,NBA,7.1,5.25,0,0.26,2.2000,5.7500,3.8400,1.2700
$50 NBA Daily 8/14,2020-08-14T23:17:58.689741,estk_03938e5ab72be95eaf1a06f413850d3c,evt_03938e5ab72be95e,Montrezl Harrell,NBA,0,0,0,0.26,1.0000,1.6600,2.5200,
$50 NBA Daily 8/14,2020-08-14T23:17:58.689745,estk_03938e5ab72be95e85078b5202b93fb5,evt_03938e5ab72be95e,Luguentz Dort,NBA,0,0,0,0.26,1.0000,1.4300,2.5200,
$50 NBA Daily 8/14,2020-08-14T23:17:58.689749,estk_03938e5ab72be95e86ea8af848cca3f6,evt_03938e5ab72be95e,Chris Paul,NBA,0,0,0,0.26,1.0000,3.2000,2.5200,
$50 NBA Daily 8/14,2020-08-14T23:17:58.689756,estk_03938e5ab72be95eb402a1af1291a618,evt_03938e5ab72be95e,Patrick Beverley,NBA,0,0,0,0.26,1.0000,1.4700,2.5200,
$50 NBA Daily 8/14,2020-08-14T23:20:00.017500,estk_03938e5ab72be95e33aee19dae855240,evt_03938e5ab72be95e,Shai Gilgeous-Alexander,NBA,21.79,32.69,17,0.28,11.8200,5.7300,13.5600,9.5900
$50 NBA Daily 8/14,2020-08-14T23:20:00.017513,estk_03938e5ab72be95ee9aea717e9a5e7f3,evt_03938e5ab72be95e,Reggie Jackson,NBA,26.3,26.69,7.75,0.28,8.8600,5.9200,10.7000,7.4000
$50 NBA Daily 8/14,2020-08-14T23:20:00.017517,estk_03938e5ab72be95ef101f1906b677e1c,evt_03938e5ab72be95e,JaMychal Green,NBA,22.79,26.66,10.25,0.28,8.8500,4.6200,11.0200,7.6500
$50 NBA Daily 8/14,2020-08-14T23:20:00.017529,estk_03938e5ab72be95e85e7a39b281a7530,evt_03938e5ab72be95e,Ivica Zubac,NBA,25.69,22.5,4,0.28,6.9600,6.7700,9.0200,5.8400
$50 NBA Daily 8/14,2020-08-14T23:20:00.017536,estk_03938e5ab72be95ece8e428feaa184fb,evt_03938e5ab72be95e,Dennis Schroder,NBA,21.19,22.26,7,0.28,6.9000,3.7000,8.6500,5.9700
$50 NBA Daily 8/14,2020-08-14T23:20:00.017541,estk_03938e5ab72be95e4d546eba965e40a0,evt_03938e5ab72be95e,Steven Adams,NBA,23.31,20.28,3.5,0.28,6.2000,6.1300,8.1900,5.1400
$50 NBA Daily 8/14,2020-08-14T23:20:00.017559,estk_03938e5ab72be95e6e1b2c66fb087a89,evt_03938e5ab72be95e,Danilo Gallinari,NBA,20.34,17.39,2.75,0.28,5.0600,5.3400,6.6600,4.2000
$50 NBA Daily 8/14,2020-08-14T23:20:00.017563,estk_03938e5ab72be95ed5d16483f5148c0b,evt_03938e5ab72be95e,Darius Bazley,NBA,18.42,19.26,6,0.28,4.5500,4.9100,6.1500,3.4000
$50 NBA Daily 8/14,2020-08-14T23:20:00.017570,estk_03938e5ab72be95e57693decb131a860,evt_03938e5ab72be95e,Lou Williams,NBA,19.8,14.26,0,0.28,4.1900,5.2200,5.9400,3.2900
$50 NBA Daily 8/14,2020-08-14T23:20:00.017578,estk_03938e5ab72be95e0b5bea604e9b515d,evt_03938e5ab72be95e,Nerlens Noel,NBA,18.49,13.81,0.5,0.28,4.0500,4.9300,6.0100,2.8400
$50 NBA Daily 8/14,2020-08-14T23:20:00.017585,estk_03938e5ab72be95ed086e77c2f7fd9b3,evt_03938e5ab72be95e,Hamidou Diallo,NBA,18.39,13.24,0,0.28,3.8400,4.9000,5.5800,2.9000
$50 NBA Daily 8/14,2020-08-14T23:20:00.017589,estk_03938e5ab72be95ebb115bd4f54ff319,evt_03938e5ab72be95e,Kawhi Leonard,NBA,11.63,8.37,0,0.28,2.7200,11.0000,4.7500,1.8100
$50 NBA Daily 8/14,2020-08-14T23:20:00.017592,estk_03938e5ab72be95ef59563a6406f63f4,evt_03938e5ab72be95e,Paul George,NBA,10.67,7.68,0,0.28,2.6200,9.9600,4.5200,1.7400
$50 NBA Daily 8/14,2020-08-14T23:20:00.017597,estk_03938e5ab72be95e6e82fa5f30bdfa80,evt_03938e5ab72be95e,Marcus Morris,NBA,7.1,5.11,0,0.28,2.1900,5.7500,3.8400,1.2700
$50 NBA Daily 8/14,2020-08-14T23:20:00.017600,estk_03938e5ab72be95eaf1a06f413850d3c,evt_03938e5ab72be95e,Montrezl Harrell,NBA,0,0,0,0.28,1.0000,1.6600,2.5200,
$50 NBA Daily 8/14,2020-08-14T23:20:00.017604,estk_03938e5ab72be95e85078b5202b93fb5,evt_03938e5ab72be95e,Luguentz Dort,NBA,0,0,0,0.28,1.0000,1.4300,2.5200,
$50 NBA Daily 8/14,2020-08-14T23:20:00.017608,estk_03938e5ab72be95e86ea8af848cca3f6,evt_03938e5ab72be95e,Chris Paul,NBA,0,0,0,0.28,1.0000,3.2000,2.5200,
$50 NBA Daily 8/14,2020-08-14T23:20:00.017617,estk_03938e5ab72be95eb402a1af1291a618,evt_03938e5ab72be95e,Patrick Beverley,NBA,0,0,0,0.28,1.0000,1.4700,2.5200,
$50 NBA Daily 8/14,2020-08-14T23:25:03.661561,estk_03938e5ab72be95e33aee19dae855240,evt_03938e5ab72be95e,Shai Gilgeous-Alexander,NBA,21.79,31.54,16.5,0.31,11.7100,5.7300,13.5600,10.0200
$50 NBA Daily 8/14,2020-08-14T23:25:03.661571,estk_03938e5ab72be95ee9aea717e9a5e7f3,evt_03938e5ab72be95e,Reggie Jackson,NBA,26.3,24.9,6.75,0.31,8.7100,5.9200,10.7000,7.4000
$50 NBA Daily 8/14,2020-08-14T23:25:03.661576,estk_03938e5ab72be95ef101f1906b677e1c,evt_03938e5ab72be95e,JaMychal Green,NBA,22.79,25.98,10.25,0.31,8.6900,4.6200,10.3100,7.6500
$50 NBA Daily 8/14,2020-08-14T23:25:03.661591,estk_03938e5ab72be95e85e7a39b281a7530,evt_03938e5ab72be95e,Ivica Zubac,NBA,25.69,21.73,4,0.31,6.8700,6.7700,8.4800,5.8400
$50 NBA Daily 8/14,2020-08-14T23:25:03.661594,estk_03938e5ab72be95ece8e428feaa184fb,evt_03938e5ab72be95e,Dennis Schroder,NBA,21.19,21.62,7,0.31,6.7700,3.7000,8.6500,5.7100
$50 NBA Daily 8/14,2020-08-14T23:25:03.661602,estk_03938e5ab72be95e4d546eba965e40a0,evt_03938e5ab72be95e,Steven Adams,NBA,23.31,19.58,3.5,0.31,5.9600,6.1300,7.5800,4.8500
$50 NBA Daily 8/14,2020-08-14T23:25:03.661610,estk_03938e5ab72be95ed5d16483f5148c0b,evt_03938e5ab72be95e,Darius Bazley,NBA,18.42,19.46,6.75,0.31,5.6200,4.9100,7.2200,4.0000
$50 NBA Daily 8/14,2020-08-14T23:25:03.661621,estk_03938e5ab72be95e6e1b2c66fb087a89,evt_03938e5ab72be95e,Danilo Gallinari,NBA,20.34,16.78,2.75,0.31,4.9700,5.3400,6.6600,4.0700
$50 NBA Daily 8/14,2020-08-14T23:25:03.661635,estk_03938e5ab72be95e57693decb131a860,evt_03938e5ab72be95e,Lou Williams,NBA,19.8,13.66,0,0.31,3.9600,5.2200,5.9400,3.1000
$50 NBA Daily 8/14,2020-08-14T23:25:03.661639,estk_03938e5ab72be95e0b5bea604e9b515d,evt_03938e5ab72be95e,Nerlens Noel,NBA,18.49,15.26,2.5,0.31,3.9000,4.9300,5.4500,2.8400
$50 NBA Daily 8/14,2020-08-14T23:25:03.661643,estk_03938e5ab72be95ed086e77c2f7fd9b3,evt_03938e5ab72be95e,Hamidou Diallo,NBA,18.39,14.19,1.5,0.31,3.7200,4.9000,5.5800,2.8600
$50 NBA Daily 8/14,2020-08-14T23:25:03.661647,estk_03938e5ab72be95ebb115bd4f54ff319,evt_03938e5ab72be95e,Kawhi Leonard,NBA,11.63,8.02,0,0.31,2.6800,11.0000,4.2300,1.8100
$50 NBA Daily 8/14,2020-08-14T23:25:03.661651,estk_03938e5ab72be95ef59563a6406f63f4,evt_03938e5ab72be95e,Paul George,NBA,10.67,7.36,0,0.31,2.5200,9.9600,4.0600,1.6700
$50 NBA Daily 8/14,2020-08-14T23:25:03.661654,estk_03938e5ab72be95e6e82fa5f30bdfa80,evt_03938e5ab72be95e,Marcus Morris,NBA,7.1,4.9,0,0.31,2.1300,5.7500,3.8400,1.2700
$50 NBA Daily 8/14,2020-08-14T23:25:03.661658,estk_03938e5ab72be95eaf1a06f413850d3c,evt_03938e5ab72be95e,Montrezl Harrell,NBA,0,0,0,0.31,1.0000,1.6600,2.5200,
$50 NBA Daily 8/14,2020-08-14T23:25:03.661662,estk_03938e5ab72be95e85078b5202b93fb5,evt_03938e5ab72be95e,Luguentz Dort,NBA,0,0,0,0.31,1.0000,1.4300,2.5200,
$50 NBA Daily 8/14,2020-08-14T23:25:03.661666,estk_03938e5ab72be95e86ea8af848cca3f6,evt_03938e5ab72be95e,Chris Paul,NBA,0,0,0,0.31,1.0000,3.2000,2.5200,
$50 NBA Daily 8/14,2020-08-14T23:25:03.661673,estk_03938e5ab72be95eb402a1af1291a618,evt_03938e5ab72be95e,Patrick Beverley,NBA,0,0,0,0.31,1.0000,1.4700,2.5200,
$50 NBA Daily 8/14,2020-08-14T23:27:04.722068,estk_03938e5ab72be95e33aee19dae855240,evt_03938e5ab72be95e,Shai Gilgeous-Alexander,NBA,21.79,31.32,16.5,0.32,11.2000,5.7300,13.1200,10.0200
$50 NBA Daily 8/14,2020-08-14T23:27:04.722078,estk_03938e5ab72be95ef101f1906b677e1c,evt_03938e5ab72be95e,JaMychal Green,NBA,22.79,25.75,10.25,0.32,8.4800,4.6200,10.3100,7.4300
$50 NBA Daily 8/14,2020-08-14T23:27:04.722086,estk_03938e5ab72be95ee9aea717e9a5e7f3,evt_03938e5ab72be95e,Reggie Jackson,NBA,26.3,24.63,6.75,0.32,8.0000,5.9200,9.6400,6.9900
$50 NBA Daily 8/14,2020-08-14T23:27:04.722097,estk_03938e5ab72be95e85e7a39b281a7530,evt_03938e5ab72be95e,Ivica Zubac,NBA,25.69,21.47,4,0.32,6.5300,6.7700,8.4800,5.7400
$50 NBA Daily 8/14,2020-08-14T23:27:04.722101,estk_03938e5ab72be95ece8e428feaa184fb,evt_03938e5ab72be95e,Dennis Schroder,NBA,21.19,21.41,7,0.32,6.4900,3.7000,8.6500,5.6800
$50 NBA Daily 8/14,2020-08-14T23:27:04.722113,estk_03938e5ab72be95e4d546eba965e40a0,evt_03938e5ab72be95e,Steven Adams,NBA,23.31,19.35,3.5,0.32,5.7300,6.1300,7.5800,4.8500
$50 NBA Daily 8/14,2020-08-14T23:27:04.722124,estk_03938e5ab72be95ed5d16483f5148c0b,evt_03938e5ab72be95e,Darius Bazley,NBA,18.42,19.28,6.75,0.32,5.6100,4.9100,7.2200,4.1400
$50 NBA Daily 8/14,2020-08-14T23:27:04.722128,estk_03938e5ab72be95e6e1b2c66fb087a89,evt_03938e5ab72be95e,Danilo Gallinari,NBA,20.34,16.58,2.75,0.32,4.7700,5.3400,6.6600,3.9700
$50 NBA Daily 8/14,2020-08-14T23:27:04.722135,estk_03938e5ab72be95ed086e77c2f7fd9b3,evt_03938e5ab72be95e,Hamidou Diallo,NBA,18.39,15.26,2.75,0.32,4.3300,4.9000,5.5800,2.8600
$50 NBA Daily 8/14,2020-08-14T23:27:04.722143,estk_03938e5ab72be95e0b5bea604e9b515d,evt_03938e5ab72be95e,Nerlens Noel,NBA,18.49,15.07,2.5,0.32,4.3000,4.9300,5.4800,2.8400
$50 NBA Daily 8/14,2020-08-14T23:27:04.722150,estk_03938e5ab72be95e57693decb131a860,evt_03938e5ab72be95e,Lou Williams,NBA,19.8,13.46,0,0.32,3.8000,5.2200,5.5000,2.8300
$50 NBA Daily 8/14,2020-08-14T23:27:04.722154,estk_03938e5ab72be95ebb115bd4f54ff319,evt_03938e5ab72be95e,Kawhi Leonard,NBA,11.63,7.91,0,0.32,2.5700,11.0000,4.2300,1.7300
$50 NBA Daily 8/14,2020-08-14T23:27:04.722157,estk_03938e5ab72be95ef59563a6406f63f4,evt_03938e5ab72be95e,Paul George,NBA,10.67,7.26,0,0.32,2.4600,9.9600,4.0100,1.6100
$50 NBA Daily 8/14,2020-08-14T23:27:04.722161,estk_03938e5ab72be95e6e82fa5f30bdfa80,evt_03938e5ab72be95e,Marcus Morris,NBA,7.1,4.83,0,0.32,2.0900,5.7500,3.8400,1.2700
$50 NBA Daily 8/14,2020-08-14T23:27:04.722165,estk_03938e5ab72be95eaf1a06f413850d3c,evt_03938e5ab72be95e,Montrezl Harrell,NBA,0,0,0,0.32,1.0000,1.6600,2.5200,
$50 NBA Daily 8/14,2020-08-14T23:27:04.722169,estk_03938e5ab72be95e85078b5202b93fb5,evt_03938e5ab72be95e,Luguentz Dort,NBA,0,0,0,0.32,1.0000,1.4300,2.5200,
$50 NBA Daily 8/14,2020-08-14T23:27:04.722172,estk_03938e5ab72be95e86ea8af848cca3f6,evt_03938e5ab72be95e,Chris Paul,NBA,0,0,0,0.32,1.0000,3.2000,2.5200,
$50 NBA Daily 8/14,2020-08-14T23:27:04.722180,estk_03938e5ab72be95eb402a1af1291a618,evt_03938e5ab72be95e,Patrick Beverley,NBA,0,0,0,0.32,1.0000,1.4700,2.5200,
$50 NBA Daily 8/14,2020-08-14T23:29:06.269462,estk_03938e5ab72be95e33aee19dae855240,evt_03938e5ab72be95e,Shai Gilgeous-Alexander,NBA,21.79,31.1,16.5,0.33,11.2200,5.7300,12.9200,10.0200
$50 NBA Daily 8/14,2020-08-14T23:29:06.269472,estk_03938e5ab72be95ef101f1906b677e1c,evt_03938e5ab72be95e,JaMychal Green,NBA,22.79,25.02,9.75,0.33,8.2400,4.6200,10.3100,7.4300
$50 NBA Daily 8/14,2020-08-14T23:29:06.269480,estk_03938e5ab72be95ee9aea717e9a5e7f3,evt_03938e5ab72be95e,Reggie Jackson,NBA,26.3,24.37,6.75,0.33,7.8600,5.9200,9.6400,6.9900
$50 NBA Daily 8/14,2020-08-14T23:29:06.269492,estk_03938e5ab72be95e85e7a39b281a7530,evt_03938e5ab72be95e,Ivica Zubac,NBA,25.69,21.21,4,0.33,6.5500,6.7700,8.4800,5.5500
$50 NBA Daily 8/14,2020-08-14T23:29:06.269496,estk_03938e5ab72be95ece8e428feaa184fb,evt_03938e5ab72be95e,Dennis Schroder,NBA,21.19,20.7,6.5,0.33,6.2300,3.7000,8.1200,5.3700
$50 NBA Daily 8/14,2020-08-14T23:29:06.269508,estk_03938e5ab72be95ed5d16483f5148c0b,evt_03938e5ab72be95e,Darius Bazley,NBA,18.42,19.84,7.5,0.33,5.9900,4.9100,7.2200,4.1400
$50 NBA Daily 8/14,2020-08-14T23:29:06.269515,estk_03938e5ab72be95e4d546eba965e40a0,evt_03938e5ab72be95e,Steven Adams,NBA,23.31,19.12,3.5,0.33,5.6700,6.1300,7.5800,4.8500
$50 NBA Daily 8/14,2020-08-14T23:29:06.269522,estk_03938e5ab72be95e6e1b2c66fb087a89,evt_03938e5ab72be95e,Danilo Gallinari,NBA,20.34,16.38,2.75,0.33,4.6800,5.3400,6.6600,3.8900
$50 NBA Daily 8/14,2020-08-14T23:29:06.269530,estk_03938e5ab72be95ed086e77c2f7fd9b3,evt_03938e5ab72be95e,Hamidou Diallo,NBA,18.39,15.07,2.75,0.33,4.2800,4.9000,5.5800,2.8600
$50 NBA Daily 8/14,2020-08-14T23:29:06.269534,estk_03938e5ab72be95e0b5bea604e9b515d,evt_03938e5ab72be95e,Nerlens Noel,NBA,18.49,14.89,2.5,0.33,4.2500,4.9300,5.4800,2.8400
$50 NBA Daily 8/14,2020-08-14T23:29:06.269546,estk_03938e5ab72be95e57693decb131a860,evt_03938e5ab72be95e,Lou Williams,NBA,19.8,13.27,0,0.33,3.7900,5.2200,5.3900,2.8300
$50 NBA Daily 8/14,2020-08-14T23:29:06.269549,estk_03938e5ab72be95ebb115bd4f54ff319,evt_03938e5ab72be95e,Kawhi Leonard,NBA,11.63,7.79,0,0.33,2.5700,11.0000,4.2300,1.7300
$50 NBA Daily 8/14,2020-08-14T23:29:06.269553,estk_03938e5ab72be95ef59563a6406f63f4,evt_03938e5ab72be95e,Paul George,NBA,10.67,7.15,0,0.33,2.3900,9.9600,4.0100,1.6100
$50 NBA Daily 8/14,2020-08-14T23:29:06.269557,estk_03938e5ab72be95e6e82fa5f30bdfa80,evt_03938e5ab72be95e,Marcus Morris,NBA,7.1,4.76,0,0.33,2.0900,5.7500,3.8400,1.2700
$50 NBA Daily 8/14,2020-08-14T23:29:06.269560,estk_03938e5ab72be95eaf1a06f413850d3c,evt_03938e5ab72be95e,Montrezl Harrell,NBA,0,0,0,0.33,1.0000,1.6600,2.5200,
$50 NBA Daily 8/14,2020-08-14T23:29:06.269564,estk_03938e5ab72be95e85078b5202b93fb5,evt_03938e5ab72be95e,Luguentz Dort,NBA,0,0,0,0.33,1.0000,1.4300,2.5200,
$50 NBA Daily 8/14,2020-08-14T23:29:06.269568,estk_03938e5ab72be95e86ea8af848cca3f6,evt_03938e5ab72be95e,Chris Paul,NBA,0,0,0,0.33,1.0000,3.2000,2.5200,
$50 NBA Daily 8/14,2020-08-14T23:29:06.269575,estk_03938e5ab72be95eb402a1af1291a618,evt_03938e5ab72be95e,Patrick Beverley,NBA,0,0,0,0.33,1.0000,1.4700,2.5200,
$50 NBA Daily 8/14,2020-08-14T23:31:07.596041,estk_03938e5ab72be95e33aee19dae855240,evt_03938e5ab72be95e,Shai Gilgeous-Alexander,NBA,21.79,30.88,16.5,0.34,11.2200,5.7300,12.9200,10.0200
$50 NBA Daily 8/14,2020-08-14T23:31:07.596051,estk_03938e5ab72be95ef101f1906b677e1c,evt_03938e5ab72be95e,JaMychal Green,NBA,22.79,24.79,9.75,0.34,8.2400,4.6200,10.3100,7.3100
$50 NBA Daily 8/14,2020-08-14T23:31:07.596059,estk_03938e5ab72be95ee9aea717e9a5e7f3,evt_03938e5ab72be95e,Reggie Jackson,NBA,26.3,24.11,6.75,0.34,7.8600,5.9200,9.6400,6.9300
$50 NBA Daily 8/14,2020-08-14T23:31:07.596071,estk_03938e5ab72be95e85e7a39b281a7530,evt_03938e5ab72be95e,Ivica Zubac,NBA,25.69,20.96,4,0.34,6.5500,6.7700,8.4800,5.5500
$50 NBA Daily 8/14,2020-08-14T23:31:07.596075,estk_03938e5ab72be95ece8e428feaa184fb,evt_03938e5ab72be95e,Dennis Schroder,NBA,21.19,22.49,8.5,0.34,6.2300,3.7000,8.1200,5.3200
$50 NBA Daily 8/14,2020-08-14T23:31:07.596091,estk_03938e5ab72be95ed5d16483f5148c0b,evt_03938e5ab72be95e,Darius Bazley,NBA,18.42,19.66,7.5,0.34,5.9900,4.9100,7.2200,4.3700
$50 NBA Daily 8/14,2020-08-14T23:31:07.596099,estk_03938e5ab72be95e4d546eba965e40a0,evt_03938e5ab72be95e,Steven Adams,NBA,23.31,18.88,3.5,0.34,5.6700,6.1300,7.5800,4.6600
$50 NBA Daily 8/14,2020-08-14T23:31:07.596106,estk_03938e5ab72be95e6e1b2c66fb087a89,evt_03938e5ab72be95e,Danilo Gallinari,NBA,20.34,16.17,2.75,0.34,4.6800,5.3400,6.6600,3.8000
$50 NBA Daily 8/14,2020-08-14T23:31:07.596113,estk_03938e5ab72be95ed086e77c2f7fd9b3,evt_03938e5ab72be95e,Hamidou Diallo,NBA,18.39,16.14,4,0.34,4.2800,4.9000,5.5800,2.8600
$50 NBA Daily 8/14,2020-08-14T23:31:07.596118,estk_03938e5ab72be95e0b5bea604e9b515d,evt_03938e5ab72be95e,Nerlens Noel,NBA,18.49,14.7,2.5,0.34,4.2500,4.9300,5.4800,2.8400
$50 NBA Daily 8/14,2020-08-14T23:31:07.596129,estk_03938e5ab72be95e57693decb131a860,evt_03938e5ab72be95e,Lou Williams,NBA,19.8,13.07,0,0.34,3.7900,5.2200,5.3900,2.8300
$50 NBA Daily 8/14,2020-08-14T23:31:07.596132,estk_03938e5ab72be95ebb115bd4f54ff319,evt_03938e5ab72be95e,Kawhi Leonard,NBA,11.63,7.68,0,0.34,2.5700,11.0000,4.2300,1.7300
$50 NBA Daily 8/14,2020-08-14T23:31:07.596136,estk_03938e5ab72be95ef59563a6406f63f4,evt_03938e5ab72be95e,Paul George,NBA,10.67,7.04,0,0.34,2.3900,9.9600,4.0100,1.5600
$50 NBA Daily 8/14,2020-08-14T23:31:07.596140,estk_03938e5ab72be95e6e82fa5f30bdfa80,evt_03938e5ab72be95e,Marcus Morris,NBA,7.1,4.69,0,0.34,2.0900,5.7500,3.8400,1.2700
$50 NBA Daily 8/14,2020-08-14T23:31:07.596144,estk_03938e5ab72be95eaf1a06f413850d3c,evt_03938e5ab72be95e,Montrezl Harrell,NBA,0,0,0,0.34,1.0000,1.6600,2.5200,
$50 NBA Daily 8/14,2020-08-14T23:31:07.596147,estk_03938e5ab72be95e85078b5202b93fb5,evt_03938e5ab72be95e,Luguentz Dort,NBA,0,0,0,0.34,1.0000,1.4300,2.5200,
$50 NBA Daily 8/14,2020-08-14T23:31:07.596151,estk_03938e5ab72be95e86ea8af848cca3f6,evt_03938e5ab72be95e,Chris Paul,NBA,0,0,0,0.34,1.0000,3.2000,2.5200,
$50 NBA Daily 8/14,2020-08-14T23:31:07.596159,estk_03938e5ab72be95eb402a1af1291a618,evt_03938e5ab72be95e,Patrick Beverley,NBA,0,0,0,0.34,1.0000,1.4700,2.5200,
$50 NBA Daily 8/14,2020-08-14T23:32:08.301410,estk_03938e5ab72be95e33aee19dae855240,evt_03938e5ab72be95e,Shai Gilgeous-Alexander,NBA,21.79,30.66,16.5,0.35,11.1300,5.7300,12.9200,10.0200
$50 NBA Daily 8/14,2020-08-14T23:32:08.301425,estk_03938e5ab72be95ef101f1906b677e1c,evt_03938e5ab72be95e,JaMychal Green,NBA,22.79,24.56,9.75,0.35,7.9800,4.6200,9.7300,7.0600
$50 NBA Daily 8/14,2020-08-14T23:32:08.301432,estk_03938e5ab72be95ee9aea717e9a5e7f3,evt_03938e5ab72be95e,Reggie Jackson,NBA,26.3,23.85,6.75,0.35,7.7100,5.9200,9.6400,6.4100
$50 NBA Daily 8/14,2020-08-14T23:32:08.301440,estk_03938e5ab72be95ece8e428feaa184fb,evt_03938e5ab72be95e,Dennis Schroder,NBA,21.19,21.77,8,0.35,6.7400,3.7000,8.1200,5.3300
$50 NBA Daily 8/14,2020-08-14T23:32:08.301444,estk_03938e5ab72be95e85e7a39b281a7530,evt_03938e5ab72be95e,Ivica Zubac,NBA,25.69,20.7,4,0.35,6.3700,6.7700,7.9500,5.5500
$50 NBA Daily 8/14,2020-08-14T23:32:08.301455,estk_03938e5ab72be95ed5d16483f5148c0b,evt_03938e5ab72be95e,Darius Bazley,NBA,18.42,19.47,7.5,0.35,5.8600,4.9100,7.2200,4.3700
$50 NBA Daily 8/14,2020-08-14T23:32:08.301466,estk_03938e5ab72be95e4d546eba965e40a0,evt_03938e5ab72be95e,Steven Adams,NBA,23.31,18.65,3.5,0.35,5.5200,6.1300,7.5800,4.6600
$50 NBA Daily 8/14,2020-08-14T23:32:08.301473,estk_03938e5ab72be95ed086e77c2f7fd9b3,evt_03938e5ab72be95e,Hamidou Diallo,NBA,18.39,15.95,4,0.35,4.6100,4.9000,6.1900,3.0100
$50 NBA Daily 8/14,2020-08-14T23:32:08.301477,estk_03938e5ab72be95e6e1b2c66fb087a89,evt_03938e5ab72be95e,Danilo Gallinari,NBA,20.34,15.97,2.75,0.35,4.5600,5.3400,6.6600,3.7800
$50 NBA Daily 8/14,2020-08-14T23:32:08.301494,estk_03938e5ab72be95e0b5bea604e9b515d,evt_03938e5ab72be95e,Nerlens Noel,NBA,18.49,14.52,2.5,0.35,4.1000,4.9300,5.4800,2.8400
$50 NBA Daily 8/14,2020-08-14T23:32:08.301497,estk_03938e5ab72be95e57693decb131a860,evt_03938e5ab72be95e,Lou Williams,NBA,19.8,12.87,0,0.35,3.6700,5.2200,5.3900,2.8300
$50 NBA Daily 8/14,2020-08-14T23:32:08.301501,estk_03938e5ab72be95ebb115bd4f54ff319,evt_03938e5ab72be95e,Kawhi Leonard,NBA,11.63,7.56,0,0.35,2.5000,11.0000,4.2300,1.6300
$50 NBA Daily 8/14,2020-08-14T23:32:08.301505,estk_03938e5ab72be95ef59563a6406f63f4,evt_03938e5ab72be95e,Paul George,NBA,10.67,6.94,0,0.35,2.3600,9.9600,4.0100,1.5600
$50 NBA Daily 8/14,2020-08-14T23:32:08.301508,estk_03938e5ab72be95e6e82fa5f30bdfa80,evt_03938e5ab72be95e,Marcus Morris,NBA,7.1,4.62,0,0.35,2.0500,5.7500,3.8400,1.1900
$50 NBA Daily 8/14,2020-08-14T23:32:08.301512,estk_03938e5ab72be95eaf1a06f413850d3c,evt_03938e5ab72be95e,Montrezl Harrell,NBA,0,0,0,0.35,1.0000,1.6600,2.5200,
$50 NBA Daily 8/14,2020-08-14T23:32:08.301516,estk_03938e5ab72be95e85078b5202b93fb5,evt_03938e5ab72be95e,Luguentz Dort,NBA,0,0,0,0.35,1.0000,1.4300,2.5200,
$50 NBA Daily 8/14,2020-08-14T23:32:08.301520,estk_03938e5ab72be95e86ea8af848cca3f6,evt_03938e5ab72be95e,Chris Paul,NBA,0,0,0,0.35,1.0000,3.2000,2.5200,
$50 NBA Daily 8/14,2020-08-14T23:32:08.301528,estk_03938e5ab72be95eb402a1af1291a618,evt_03938e5ab72be95e,Patrick Beverley,NBA,0,0,0,0.35,1.0000,1.4700,2.5200,
$50 NBA Daily 8/14,2020-08-14T23:34:09.465053,estk_03938e5ab72be95e33aee19dae855240,evt_03938e5ab72be95e,Shai Gilgeous-Alexander,NBA,21.79,30.01,16.5,0.38,10.6900,5.7300,12.9200,10.0200
$50 NBA Daily 8/14,2020-08-14T23:34:09.465063,estk_03938e5ab72be95ece8e428feaa184fb,evt_03938e5ab72be95e,Dennis Schroder,NBA,21.19,26.14,13,0.38,8.7100,3.7000,8.1200,5.3300
$50 NBA Daily 8/14,2020-08-14T23:34:09.465071,estk_03938e5ab72be95ef101f1906b677e1c,evt_03938e5ab72be95e,JaMychal Green,NBA,22.79,25.13,11,0.38,8.1800,4.6200,9.6400,7.0600
$50 NBA Daily 8/14,2020-08-14T23:34:09.465082,estk_03938e5ab72be95ee9aea717e9a5e7f3,evt_03938e5ab72be95e,Reggie Jackson,NBA,26.3,23.06,6.75,0.38,7.1900,5.9200,9.6400,6.4100
$50 NBA Daily 8/14,2020-08-14T23:34:09.465093,estk_03938e5ab72be95e85e7a39b281a7530,evt_03938e5ab72be95e,Ivica Zubac,NBA,25.69,19.93,4,0.38,5.9000,6.7700,7.9500,5.4100
$50 NBA Daily 8/14,2020-08-14T23:34:09.465104,estk_03938e5ab72be95ed5d16483f5148c0b,evt_03938e5ab72be95e,Darius Bazley,NBA,18.42,18.92,7.5,0.38,5.5600,4.9100,7.2200,4.3700
$50 NBA Daily 8/14,2020-08-14T23:34:09.465108,estk_03938e5ab72be95e4d546eba965e40a0,evt_03938e5ab72be95e,Steven Adams,NBA,23.31,17.95,3.5,0.38,5.2000,6.1300,6.8000,4.6000
$50 NBA Daily 8/14,2020-08-14T23:34:09.465112,estk_03938e5ab72be95ed086e77c2f7fd9b3,evt_03938e5ab72be95e,Hamidou Diallo,NBA,18.39,17.4,6,0.38,5.0300,4.9000,6.1900,3.0200
$50 NBA Daily 8/14,2020-08-14T23:34:09.465119,estk_03938e5ab72be95e6e1b2c66fb087a89,evt_03938e5ab72be95e,Danilo Gallinari,NBA,20.34,15.36,2.75,0.38,4.3700,5.3400,6.1500,3.7100
$50 NBA Daily 8/14,2020-08-14T23:34:09.465130,estk_03938e5ab72be95e0b5bea604e9b515d,evt_03938e5ab72be95e,Nerlens Noel,NBA,18.49,13.96,2.5,0.38,3.9300,4.9300,5.4800,2.8400
$50 NBA Daily 8/14,2020-08-14T23:34:09.465134,estk_03938e5ab72be95e57693decb131a860,evt_03938e5ab72be95e,Lou Williams,NBA,19.8,12.28,0,0.38,3.4600,5.2200,5.3900,2.8300
$50 NBA Daily 8/14,2020-08-14T23:34:09.465138,estk_03938e5ab72be95ebb115bd4f54ff319,evt_03938e5ab72be95e,Kawhi Leonard,NBA,11.63,7.21,0,0.38,2.3600,11.0000,4.2300,1.6300
$50 NBA Daily 8/14,2020-08-14T23:34:09.465141,estk_03938e5ab72be95ef59563a6406f63f4,evt_03938e5ab72be95e,Paul George,NBA,10.67,6.62,0,0.38,2.2700,9.9600,4.0100,1.5600
$50 NBA Daily 8/14,2020-08-14T23:34:09.465145,estk_03938e5ab72be95e6e82fa5f30bdfa80,evt_03938e5ab72be95e,Marcus Morris,NBA,7.1,4.4,0,0.38,1.9500,5.7500,3.8400,1.1900
$50 NBA Daily 8/14,2020-08-14T23:34:09.465149,estk_03938e5ab72be95eaf1a06f413850d3c,evt_03938e5ab72be95e,Montrezl Harrell,NBA,0,0,0,0.38,1.0000,1.6600,2.5200,
$50 NBA Daily 8/14,2020-08-14T23:34:09.465153,estk_03938e5ab72be95e85078b5202b93fb5,evt_03938e5ab72be95e,Luguentz Dort,NBA,0,0,0,0.38,1.0000,1.4300,2.5200,
$50 NBA Daily 8/14,2020-08-14T23:34:09.465156,estk_03938e5ab72be95e86ea8af848cca3f6,evt_03938e5ab72be95e,Chris Paul,NBA,0,0,0,0.38,1.0000,3.2000,2.5200,
$50 NBA Daily 8/14,2020-08-14T23:34:09.465164,estk_03938e5ab72be95eb402a1af1291a618,evt_03938e5ab72be95e,Patrick Beverley,NBA,0,0,0,0.38,1.0000,1.4700,2.5200,
$50 NBA Daily 8/14,2020-08-14T23:37:41.615104,estk_03938e5ab72be95e33aee19dae855240,evt_03938e5ab72be95e,Shai Gilgeous-Alexander,NBA,21.79,29.79,16.5,0.39,10.7300,5.7300,12.4000,9.5900
$50 NBA Daily 8/14,2020-08-14T23:37:41.615115,estk_03938e5ab72be95ece8e428feaa184fb,evt_03938e5ab72be95e,Dennis Schroder,NBA,21.19,25.93,13,0.39,8.7300,3.7000,10.3800,7.0700
$50 NBA Daily 8/14,2020-08-14T23:37:41.615123,estk_03938e5ab72be95ef101f1906b677e1c,evt_03938e5ab72be95e,JaMychal Green,NBA,22.79,24.9,11,0.39,8.2100,4.6200,9.6400,7.0600
$50 NBA Daily 8/14,2020-08-14T23:37:41.615135,estk_03938e5ab72be95ee9aea717e9a5e7f3,evt_03938e5ab72be95e,Reggie Jackson,NBA,26.3,22.79,6.75,0.39,7.3000,5.9200,8.8300,6.2500
$50 NBA Daily 8/14,2020-08-14T23:37:41.615146,estk_03938e5ab72be95e85e7a39b281a7530,evt_03938e5ab72be95e,Ivica Zubac,NBA,25.69,19.67,4,0.39,5.9400,6.7700,7.4900,4.9600
$50 NBA Daily 8/14,2020-08-14T23:37:41.615157,estk_03938e5ab72be95ed5d16483f5148c0b,evt_03938e5ab72be95e,Darius Bazley,NBA,18.42,18.74,7.5,0.39,5.5600,4.9100,7.2200,4.3700
$50 NBA Daily 8/14,2020-08-14T23:37:41.615161,estk_03938e5ab72be95e4d546eba965e40a0,evt_03938e5ab72be95e,Steven Adams,NBA,23.31,17.72,3.5,0.39,5.2500,6.1300,6.8000,4.3400
$50 NBA Daily 8/14,2020-08-14T23:37:41.615164,estk_03938e5ab72be95ed086e77c2f7fd9b3,evt_03938e5ab72be95e,Hamidou Diallo,NBA,18.39,17.22,6,0.39,4.9600,4.9000,6.1900,3.4600
$50 NBA Daily 8/14,2020-08-14T23:37:41.615172,estk_03938e5ab72be95e6e1b2c66fb087a89,evt_03938e5ab72be95e,Danilo Gallinari,NBA,20.34,15.16,2.75,0.39,4.3600,5.3400,6.1500,3.4600
$50 NBA Daily 8/14,2020-08-14T23:37:41.615183,estk_03938e5ab72be95e0b5bea604e9b515d,evt_03938e5ab72be95e,Nerlens Noel,NBA,18.49,13.78,2.5,0.39,3.8800,4.9300,5.4800,2.8400
$50 NBA Daily 8/14,2020-08-14T23:37:41.615187,estk_03938e5ab72be95e57693decb131a860,evt_03938e5ab72be95e,Lou Williams,NBA,19.8,12.08,0,0.39,3.5100,5.2200,5.3900,2.5700
$50 NBA Daily 8/14,2020-08-14T23:37:41.615191,estk_03938e5ab72be95ebb115bd4f54ff319,evt_03938e5ab72be95e,Kawhi Leonard,NBA,11.63,7.09,0,0.39,2.3800,11.0000,4.2300,1.5600
$50 NBA Daily 8/14,2020-08-14T23:37:41.615194,estk_03938e5ab72be95ef59563a6406f63f4,evt_03938e5ab72be95e,Paul George,NBA,10.67,6.51,0,0.39,2.2500,9.9600,4.0100,1.4300
$50 NBA Daily 8/14,2020-08-14T23:37:41.615198,estk_03938e5ab72be95e6e82fa5f30bdfa80,evt_03938e5ab72be95e,Marcus Morris,NBA,7.1,4.33,0,0.39,1.9900,5.7500,3.8400,1.0500
$50 NBA Daily 8/14,2020-08-14T23:37:41.615202,estk_03938e5ab72be95eaf1a06f413850d3c,evt_03938e5ab72be95e,Montrezl Harrell,NBA,0,0,0,0.39,1.0000,1.6600,2.5200,
$50 NBA Daily 8/14,2020-08-14T23:37:41.615206,estk_03938e5ab72be95e85078b5202b93fb5,evt_03938e5ab72be95e,Luguentz Dort,NBA,0,0,0,0.39,1.0000,1.4300,2.5200,
$50 NBA Daily 8/14,2020-08-14T23:37:41.615210,estk_03938e5ab72be95e86ea8af848cca3f6,evt_03938e5ab72be95e,Chris Paul,NBA,0,0,0,0.39,1.0000,3.2000,2.5200,
$50 NBA Daily 8/14,2020-08-14T23:37:41.615218,estk_03938e5ab72be95eb402a1af1291a618,evt_03938e5ab72be95e,Patrick Beverley,NBA,0,0,0,0.39,1.0000,1.4700,2.5200,
$50 NBA Daily 8/14,2020-08-14T23:39:42.874427,estk_03938e5ab72be95e33aee19dae855240,evt_03938e5ab72be95e,Shai Gilgeous-Alexander,NBA,21.79,29.36,16.5,0.41,10.6700,5.7300,12.4000,9.5900
$50 NBA Daily 8/14,2020-08-14T23:39:42.874438,estk_03938e5ab72be95ece8e428feaa184fb,evt_03938e5ab72be95e,Dennis Schroder,NBA,21.19,25.5,13,0.41,8.6700,3.7000,10.3800,7.0700
$50 NBA Daily 8/14,2020-08-14T23:39:42.874446,estk_03938e5ab72be95ef101f1906b677e1c,evt_03938e5ab72be95e,JaMychal Green,NBA,22.79,24.45,11,0.41,8.1800,4.6200,9.6400,7.0600
$50 NBA Daily 8/14,2020-08-14T23:39:42.874457,estk_03938e5ab72be95ee9aea717e9a5e7f3,evt_03938e5ab72be95e,Reggie Jackson,NBA,26.3,22.27,6.75,0.41,7.2200,5.9200,8.8300,6.2500
$50 NBA Daily 8/14,2020-08-14T23:39:42.874468,estk_03938e5ab72be95e85e7a39b281a7530,evt_03938e5ab72be95e,Ivica Zubac,NBA,25.69,19.16,4,0.41,5.8900,6.7700,7.4400,4.9000
$50 NBA Daily 8/14,2020-08-14T23:39:42.874480,estk_03938e5ab72be95ed5d16483f5148c0b,evt_03938e5ab72be95e,Darius Bazley,NBA,18.42,18.37,7.5,0.41,5.5300,4.9100,7.2200,4.3700
$50 NBA Daily 8/14,2020-08-14T23:39:42.874484,estk_03938e5ab72be95e4d546eba965e40a0,evt_03938e5ab72be95e,Steven Adams,NBA,23.31,17.25,3.5,0.41,5.1200,6.1300,6.8000,4.2200
$50 NBA Daily 8/14,2020-08-14T23:39:42.874487,estk_03938e5ab72be95ed086e77c2f7fd9b3,evt_03938e5ab72be95e,Hamidou Diallo,NBA,18.39,18.1,7.25,0.41,4.9300,4.9000,6.1900,3.4600
$50 NBA Daily 8/14,2020-08-14T23:39:42.874499,estk_03938e5ab72be95e6e1b2c66fb087a89,evt_03938e5ab72be95e,Danilo Gallinari,NBA,20.34,14.75,2.75,0.41,4.3300,5.3400,6.1500,3.3900
$50 NBA Daily 8/14,2020-08-14T23:39:42.874507,estk_03938e5ab72be95e0b5bea604e9b515d,evt_03938e5ab72be95e,Nerlens Noel,NBA,18.49,13.41,2.5,0.41,3.8500,4.9300,5.3900,2.8400
$50 NBA Daily 8/14,2020-08-14T23:39:42.874510,estk_03938e5ab72be95e57693decb131a860,evt_03938e5ab72be95e,Lou Williams,NBA,19.8,11.68,0,0.41,3.4400,5.2200,4.9800,2.5700
$50 NBA Daily 8/14,2020-08-14T23:39:42.874514,estk_03938e5ab72be95ebb115bd4f54ff319,evt_03938e5ab72be95e,Kawhi Leonard,NBA,11.63,6.86,0,0.41,2.3600,11.0000,4.2300,1.5600
$50 NBA Daily 8/14,2020-08-14T23:39:42.874518,estk_03938e5ab72be95ef59563a6406f63f4,evt_03938e5ab72be95e,Paul George,NBA,10.67,6.3,0,0.41,2.2500,9.9600,4.0100,1.4300
$50 NBA Daily 8/14,2020-08-14T23:39:42.874521,estk_03938e5ab72be95e6e82fa5f30bdfa80,evt_03938e5ab72be95e,Marcus Morris,NBA,7.1,4.19,0,0.41,1.9400,5.7500,3.8400,1.0500
$50 NBA Daily 8/14,2020-08-14T23:39:42.874525,estk_03938e5ab72be95eaf1a06f413850d3c,evt_03938e5ab72be95e,Montrezl Harrell,NBA,0,0,0,0.41,1.0000,1.6600,2.5200,
$50 NBA Daily 8/14,2020-08-14T23:39:42.874529,estk_03938e5ab72be95e85078b5202b93fb5,evt_03938e5ab72be95e,Luguentz Dort,NBA,0,0,0,0.41,1.0000,1.4300,2.5200,
$50 NBA Daily 8/14,2020-08-14T23:39:42.874533,estk_03938e5ab72be95e86ea8af848cca3f6,evt_03938e5ab72be95e,Chris Paul,NBA,0,0,0,0.41,1.0000,3.2000,2.5200,
$50 NBA Daily 8/14,2020-08-14T23:39:42.874541,estk_03938e5ab72be95eb402a1af1291a618,evt_03938e5ab72be95e,Patrick Beverley,NBA,0,0,0,0.41,1.0000,1.4700,2.5200,
$50 NBA Daily 8/14,2020-08-14T23:41:44.159622,estk_03938e5ab72be95e33aee19dae855240,evt_03938e5ab72be95e,Shai Gilgeous-Alexander,NBA,21.79,28.92,16.5,0.43,10.5900,5.7300,12.4000,9.5900
$50 NBA Daily 8/14,2020-08-14T23:41:44.159632,estk_03938e5ab72be95ece8e428feaa184fb,evt_03938e5ab72be95e,Dennis Schroder,NBA,21.19,25.08,13,0.43,8.6500,3.7000,10.3800,7.0700
$50 NBA Daily 8/14,2020-08-14T23:41:44.159641,estk_03938e5ab72be95ef101f1906b677e1c,evt_03938e5ab72be95e,JaMychal Green,NBA,22.79,23.99,11,0.43,8.0500,4.6200,9.6400,7.0600
$50 NBA Daily 8/14,2020-08-14T23:41:44.159653,estk_03938e5ab72be95ee9aea717e9a5e7f3,evt_03938e5ab72be95e,Reggie Jackson,NBA,26.3,21.74,6.75,0.43,7.0900,5.9200,8.8300,6.0600
$50 NBA Daily 8/14,2020-08-14T23:41:44.159671,estk_03938e5ab72be95e85e7a39b281a7530,evt_03938e5ab72be95e,Ivica Zubac,NBA,25.69,18.64,4,0.43,5.7000,6.7700,7.4400,4.7400
$50 NBA Daily 8/14,2020-08-14T23:41:44.159675,estk_03938e5ab72be95ed5d16483f5148c0b,evt_03938e5ab72be95e,Darius Bazley,NBA,18.42,18,7.5,0.43,5.3800,4.9100,7.2200,4.3700
$50 NBA Daily 8/14,2020-08-14T23:41:44.159679,estk_03938e5ab72be95ed086e77c2f7fd9b3,evt_03938e5ab72be95e,Hamidou Diallo,NBA,18.39,17.73,7.25,0.43,5.3300,4.9000,6.9400,3.7800
$50 NBA Daily 8/14,2020-08-14T23:41:44.159683,estk_03938e5ab72be95e4d546eba965e40a0,evt_03938e5ab72be95e,Steven Adams,NBA,23.31,16.79,3.5,0.43,4.9800,6.1300,6.8000,4.1200
$50 NBA Daily 8/14,2020-08-14T23:41:44.159697,estk_03938e5ab72be95e6e1b2c66fb087a89,evt_03938e5ab72be95e,Danilo Gallinari,NBA,20.34,14.34,2.75,0.43,4.1500,5.3400,6.1500,3.2200
$50 NBA Daily 8/14,2020-08-14T23:41:44.159701,estk_03938e5ab72be95e0b5bea604e9b515d,evt_03938e5ab72be95e,Nerlens Noel,NBA,18.49,13.04,2.5,0.43,3.8600,4.9300,5.3900,2.8400
$50 NBA Daily 8/14,2020-08-14T23:41:44.159705,estk_03938e5ab72be95e57693decb131a860,evt_03938e5ab72be95e,Lou Williams,NBA,19.8,11.29,0,0.43,3.3100,5.2200,4.8800,2.4900
$50 NBA Daily 8/14,2020-08-14T23:41:44.159709,estk_03938e5ab72be95ebb115bd4f54ff319,evt_03938e5ab72be95e,Kawhi Leonard,NBA,11.63,6.63,0,0.43,2.3100,11.0000,4.2300,1.5000
$50 NBA Daily 8/14,2020-08-14T23:41:44.159713,estk_03938e5ab72be95ef59563a6406f63f4,evt_03938e5ab72be95e,Paul George,NBA,10.67,6.08,0,0.43,2.2300,9.9600,4.0100,1.4300
$50 NBA Daily 8/14,2020-08-14T23:41:44.159717,estk_03938e5ab72be95e6e82fa5f30bdfa80,evt_03938e5ab72be95e,Marcus Morris,NBA,7.1,4.05,0,0.43,1.9200,5.7500,3.8400,1.0500
$50 NBA Daily 8/14,2020-08-14T23:41:44.159721,estk_03938e5ab72be95eaf1a06f413850d3c,evt_03938e5ab72be95e,Montrezl Harrell,NBA,0,0,0,0.43,1.0000,1.6600,2.5200,
$50 NBA Daily 8/14,2020-08-14T23:41:44.159724,estk_03938e5ab72be95e85078b5202b93fb5,evt_03938e5ab72be95e,Luguentz Dort,NBA,0,0,0,0.43,1.0000,1.4300,2.5200,
$50 NBA Daily 8/14,2020-08-14T23:41:44.159728,estk_03938e5ab72be95e86ea8af848cca3f6,evt_03938e5ab72be95e,Chris Paul,NBA,0,0,0,0.43,1.0000,3.2000,2.5200,
$50 NBA Daily 8/14,2020-08-14T23:41:44.159736,estk_03938e5ab72be95eb402a1af1291a618,evt_03938e5ab72be95e,Patrick Beverley,NBA,0,0,0,0.43,1.0000,1.4700,2.5200,
$50 NBA Daily 8/14,2020-08-14T23:42:44.847889,estk_03938e5ab72be95e33aee19dae855240,evt_03938e5ab72be95e,Shai Gilgeous-Alexander,NBA,21.79,28.7,16.5,0.44,10.5200,5.7300,12.4000,9.5400
$50 NBA Daily 8/14,2020-08-14T23:42:44.847903,estk_03938e5ab72be95ece8e428feaa184fb,evt_03938e5ab72be95e,Dennis Schroder,NBA,21.19,24.37,12.5,0.44,8.4200,3.7000,10.3800,7.0700
$50 NBA Daily 8/14,2020-08-14T23:42:44.847911,estk_03938e5ab72be95ef101f1906b677e1c,evt_03938e5ab72be95e,JaMychal Green,NBA,22.79,23.26,10.5,0.44,7.9600,4.6200,9.6400,7.0600
$50 NBA Daily 8/14,2020-08-14T23:42:44.847918,estk_03938e5ab72be95ee9aea717e9a5e7f3,evt_03938e5ab72be95e,Reggie Jackson,NBA,26.3,21.48,6.75,0.44,6.8600,5.9200,8.8300,6.0600
$50 NBA Daily 8/14,2020-08-14T23:42:44.847936,estk_03938e5ab72be95e85e7a39b281a7530,evt_03938e5ab72be95e,Ivica Zubac,NBA,25.69,18.39,4,0.44,5.6200,6.7700,7.4400,4.7400
$50 NBA Daily 8/14,2020-08-14T23:42:44.847940,estk_03938e5ab72be95ed5d16483f5148c0b,evt_03938e5ab72be95e,Darius Bazley,NBA,18.42,17.82,7.5,0.44,5.3500,4.9100,7.2200,4.3700
$50 NBA Daily 8/14,2020-08-14T23:42:44.847944,estk_03938e5ab72be95ed086e77c2f7fd9b3,evt_03938e5ab72be95e,Hamidou Diallo,NBA,18.39,17.55,7.25,0.44,5.2200,4.9000,6.9400,3.7800
$50 NBA Daily 8/14,2020-08-14T23:42:44.847948,estk_03938e5ab72be95e4d546eba965e40a0,evt_03938e5ab72be95e,Steven Adams,NBA,23.31,16.55,3.5,0.44,4.8800,6.1300,6.4800,4.1200
$50 NBA Daily 8/14,2020-08-14T23:42:44.847962,estk_03938e5ab72be95e6e1b2c66fb087a89,evt_03938e5ab72be95e,Danilo Gallinari,NBA,20.34,14.14,2.75,0.44,4.1100,5.3400,6.1500,3.2200
$50 NBA Daily 8/14,2020-08-14T23:42:44.847966,estk_03938e5ab72be95e0b5bea604e9b515d,evt_03938e5ab72be95e,Nerlens Noel,NBA,18.49,12.85,2.5,0.44,3.6800,4.9300,5.3900,2.8400
$50 NBA Daily 8/14,2020-08-14T23:42:44.847970,estk_03938e5ab72be95e57693decb131a860,evt_03938e5ab72be95e,Lou Williams,NBA,19.8,11.09,0,0.44,3.2500,5.2200,4.8800,2.4600
$50 NBA Daily 8/14,2020-08-14T23:42:44.847974,estk_03938e5ab72be95ebb115bd4f54ff319,evt_03938e5ab72be95e,Kawhi Leonard,NBA,11.63,6.51,0,0.44,2.3000,11.0000,4.2300,1.5000
$50 NBA Daily 8/14,2020-08-14T23:42:44.847978,estk_03938e5ab72be95ef59563a6406f63f4,evt_03938e5ab72be95e,Paul George,NBA,10.67,5.98,0,0.44,2.1900,9.9600,4.0100,1.4300
$50 NBA Daily 8/14,2020-08-14T23:42:44.847982,estk_03938e5ab72be95e6e82fa5f30bdfa80,evt_03938e5ab72be95e,Marcus Morris,NBA,7.1,3.98,0,0.44,1.9000,5.7500,3.8400,1.0500
$50 NBA Daily 8/14,2020-08-14T23:42:44.847986,estk_03938e5ab72be95eaf1a06f413850d3c,evt_03938e5ab72be95e,Montrezl Harrell,NBA,0,0,0,0.44,1.0000,1.6600,2.5200,
$50 NBA Daily 8/14,2020-08-14T23:42:44.847989,estk_03938e5ab72be95e85078b5202b93fb5,evt_03938e5ab72be95e,Luguentz Dort,NBA,0,0,0,0.44,1.0000,1.4300,2.5200,
$50 NBA Daily 8/14,2020-08-14T23:42:44.847993,estk_03938e5ab72be95e86ea8af848cca3f6,evt_03938e5ab72be95e,Chris Paul,NBA,0,0,0,0.44,1.0000,3.2000,2.5200,
$50 NBA Daily 8/14,2020-08-14T23:42:44.848001,estk_03938e5ab72be95eb402a1af1291a618,evt_03938e5ab72be95e,Patrick Beverley,NBA,0,0,0,0.44,1.0000,1.4700,2.5200,
$50 NBA Daily 8/14,2020-08-14T23:45:16.582636,estk_03938e5ab72be95e33aee19dae855240,evt_03938e5ab72be95e,Shai Gilgeous-Alexander,NBA,21.79,28.27,16.5,0.46,10.3900,5.7300,12.4000,9.4100
$50 NBA Daily 8/14,2020-08-14T23:45:16.582654,estk_03938e5ab72be95ece8e428feaa184fb,evt_03938e5ab72be95e,Dennis Schroder,NBA,21.19,24.94,13.5,0.46,8.2300,3.7000,9.8400,7.0700
$50 NBA Daily 8/14,2020-08-14T23:45:16.582658,estk_03938e5ab72be95ef101f1906b677e1c,evt_03938e5ab72be95e,JaMychal Green,NBA,22.79,25.81,13.5,0.46,7.6900,4.6200,9.6400,6.7500
$50 NBA Daily 8/14,2020-08-14T23:45:16.582665,estk_03938e5ab72be95ee9aea717e9a5e7f3,evt_03938e5ab72be95e,Reggie Jackson,NBA,26.3,20.95,6.75,0.46,6.7800,5.9200,8.8300,5.6000
$50 NBA Daily 8/14,2020-08-14T23:45:16.582684,estk_03938e5ab72be95e85e7a39b281a7530,evt_03938e5ab72be95e,Ivica Zubac,NBA,25.69,17.87,4,0.46,5.5300,6.7700,7.4400,4.2800
$50 NBA Daily 8/14,2020-08-14T23:45:16.582688,estk_03938e5ab72be95ed5d16483f5148c0b,evt_03938e5ab72be95e,Darius Bazley,NBA,18.42,17.45,7.5,0.46,5.3400,4.9100,7.2200,4.3700
$50 NBA Daily 8/14,2020-08-14T23:45:16.582692,estk_03938e5ab72be95ed086e77c2f7fd9b3,evt_03938e5ab72be95e,Hamidou Diallo,NBA,18.39,20.68,10.75,0.46,5.2200,4.9000,6.9400,3.7800
$50 NBA Daily 8/14,2020-08-14T23:45:16.582699,estk_03938e5ab72be95e4d546eba965e40a0,evt_03938e5ab72be95e,Steven Adams,NBA,23.31,16.09,3.5,0.46,4.9000,6.1300,6.4800,3.9600
$50 NBA Daily 8/14,2020-08-14T23:45:16.582711,estk_03938e5ab72be95e6e1b2c66fb087a89,evt_03938e5ab72be95e,Danilo Gallinari,NBA,20.34,13.73,2.75,0.46,4.1100,5.3400,5.6500,3.2200
$50 NBA Daily 8/14,2020-08-14T23:45:16.582714,estk_03938e5ab72be95e0b5bea604e9b515d,evt_03938e5ab72be95e,Nerlens Noel,NBA,18.49,12.48,2.5,0.46,3.6800,4.9300,5.3900,2.7900
$50 NBA Daily 8/14,2020-08-14T23:45:16.582718,estk_03938e5ab72be95e57693decb131a860,evt_03938e5ab72be95e,Lou Williams,NBA,19.8,10.69,0,0.46,3.2000,5.2200,4.8800,2.3400
$50 NBA Daily 8/14,2020-08-14T23:45:16.582722,estk_03938e5ab72be95ebb115bd4f54ff319,evt_03938e5ab72be95e,Kawhi Leonard,NBA,11.63,6.28,0,0.46,2.2500,11.0000,4.2300,1.3800
$50 NBA Daily 8/14,2020-08-14T23:45:16.582725,estk_03938e5ab72be95ef59563a6406f63f4,evt_03938e5ab72be95e,Paul George,NBA,10.67,5.76,0,0.46,2.1600,9.9600,4.0100,1.3100
$50 NBA Daily 8/14,2020-08-14T23:45:16.582729,estk_03938e5ab72be95e6e82fa5f30bdfa80,evt_03938e5ab72be95e,Marcus Morris,NBA,7.1,3.83,0,0.46,1.8700,5.7500,3.4100,1.0500
$50 NBA Daily 8/14,2020-08-14T23:45:16.582733,estk_03938e5ab72be95eaf1a06f413850d3c,evt_03938e5ab72be95e,Montrezl Harrell,NBA,0,0,0,0.46,1.0000,1.6600,2.5200,
$50 NBA Daily 8/14,2020-08-14T23:45:16.582737,estk_03938e5ab72be95e85078b5202b93fb5,evt_03938e5ab72be95e,Luguentz Dort,NBA,0,0,0,0.46,1.0000,1.4300,2.5200,
$50 NBA Daily 8/14,2020-08-14T23:45:16.582741,estk_03938e5ab72be95e86ea8af848cca3f6,evt_03938e5ab72be95e,Chris Paul,NBA,0,0,0,0.46,1.0000,3.2000,2.5200,
$50 NBA Daily 8/14,2020-08-14T23:45:16.582749,estk_03938e5ab72be95eb402a1af1291a618,evt_03938e5ab72be95e,Patrick Beverley,NBA,0,0,0,0.46,1.0000,1.4700,2.5200,
$50 NBA Daily 8/14,2020-08-14T23:46:47.436530,estk_03938e5ab72be95e33aee19dae855240,evt_03938e5ab72be95e,Shai Gilgeous-Alexander,NBA,21.79,27.83,16.5,0.48,10.0700,5.7300,,9.0500
$50 NBA Daily 8/14,2020-08-14T23:46:47.436541,estk_03938e5ab72be95ef101f1906b677e1c,evt_03938e5ab72be95e,JaMychal Green,NBA,22.79,26.6,14.75,0.48,8.7800,4.6200,10.4600,7.1000
$50 NBA Daily 8/14,2020-08-14T23:46:47.436549,estk_03938e5ab72be95ece8e428feaa184fb,evt_03938e5ab72be95e,Dennis Schroder,NBA,21.19,27.52,16.5,0.48,8.3700,3.7000,9.8400,7.0700
$50 NBA Daily 8/14,2020-08-14T23:46:47.436564,estk_03938e5ab72be95ee9aea717e9a5e7f3,evt_03938e5ab72be95e,Reggie Jackson,NBA,26.3,20.43,6.75,0.48,6.4900,5.9200,8.1200,5.6000
$50 NBA Daily 8/14,2020-08-14T23:46:47.436567,estk_03938e5ab72be95ed086e77c2f7fd9b3,evt_03938e5ab72be95e,Hamidou Diallo,NBA,18.39,20.31,10.75,0.48,6.3900,4.9000,,4.7600
$50 NBA Daily 8/14,2020-08-14T23:46:47.436582,estk_03938e5ab72be95e85e7a39b281a7530,evt_03938e5ab72be95e,Ivica Zubac,NBA,25.69,17.36,4,0.48,5.2900,6.7700,7.4900,4.2800
$50 NBA Daily 8/14,2020-08-14T23:46:47.436586,estk_03938e5ab72be95ed5d16483f5148c0b,evt_03938e5ab72be95e,Darius Bazley,NBA,18.42,16.58,7,0.48,5.1500,4.9100,7.2200,4.2500
$50 NBA Daily 8/14,2020-08-14T23:46:47.436593,estk_03938e5ab72be95e4d546eba965e40a0,evt_03938e5ab72be95e,Steven Adams,NBA,23.31,15.62,3.5,0.48,4.6400,6.1300,6.4800,3.9600
$50 NBA Daily 8/14,2020-08-14T23:46:47.436604,estk_03938e5ab72be95e6e1b2c66fb087a89,evt_03938e5ab72be95e,Danilo Gallinari,NBA,20.34,13.33,2.75,0.48,3.9000,5.3400,5.6500,3.0500
$50 NBA Daily 8/14,2020-08-14T23:46:47.436608,estk_03938e5ab72be95e0b5bea604e9b515d,evt_03938e5ab72be95e,Nerlens Noel,NBA,18.49,12.11,2.5,0.48,3.5300,4.9300,5.3900,2.7100
$50 NBA Daily 8/14,2020-08-14T23:46:47.436612,estk_03938e5ab72be95e57693decb131a860,evt_03938e5ab72be95e,Lou Williams,NBA,19.8,10.3,0,0.48,3.0700,5.2200,4.8800,2.3400
$50 NBA Daily 8/14,2020-08-14T23:46:47.436616,estk_03938e5ab72be95ebb115bd4f54ff319,evt_03938e5ab72be95e,Kawhi Leonard,NBA,11.63,6.05,0,0.48,2.1700,11.0000,3.7100,1.3300
$50 NBA Daily 8/14,2020-08-14T23:46:47.436656,estk_03938e5ab72be95ef59563a6406f63f4,evt_03938e5ab72be95e,Paul George,NBA,10.67,5.55,0,0.48,2.1200,9.9600,4.0100,1.3100
$50 NBA Daily 8/14,2020-08-14T23:46:47.436661,estk_03938e5ab72be95e6e82fa5f30bdfa80,evt_03938e5ab72be95e,Marcus Morris,NBA,7.1,3.69,0,0.48,1.7900,5.7500,3.4100,
$50 NBA Daily 8/14,2020-08-14T23:46:47.436665,estk_03938e5ab72be95eaf1a06f413850d3c,evt_03938e5ab72be95e,Montrezl Harrell,NBA,0,0,0,0.48,1.0000,1.6600,2.5200,
$50 NBA Daily 8/14,2020-08-14T23:46:47.436668,estk_03938e5ab72be95e85078b5202b93fb5,evt_03938e5ab72be95e,Luguentz Dort,NBA,0,0,0,0.48,1.0000,1.4300,2.5200,
$50 NBA Daily 8/14,2020-08-14T23:46:47.436673,estk_03938e5ab72be95e86ea8af848cca3f6,evt_03938e5ab72be95e,Chris Paul,NBA,0,0,0,0.48,1.0000,3.2000,2.5200,
$50 NBA Daily 8/14,2020-08-14T23:46:47.436680,estk_03938e5ab72be95eb402a1af1291a618,evt_03938e5ab72be95e,Patrick Beverley,NBA,0,0,0,0.48,1.0000,1.4700,2.5200,
$50 NBA Daily 8/14,2020-08-14T23:47:48.110773,estk_03938e5ab72be95e33aee19dae855240,evt_03938e5ab72be95e,Shai Gilgeous-Alexander,NBA,21.79,27.39,16.5,0.5,9.9100,5.7300,11.6100,8.9600
$50 NBA Daily 8/14,2020-08-14T23:47:48.110780,estk_03938e5ab72be95ece8e428feaa184fb,evt_03938e5ab72be95e,Dennis Schroder,NBA,21.19,32.09,21.5,0.5,9.6600,3.7000,11.3500,7.9700
$50 NBA Daily 8/14,2020-08-14T23:47:48.110789,estk_03938e5ab72be95ef101f1906b677e1c,evt_03938e5ab72be95e,JaMychal Green,NBA,22.79,28.14,16.75,0.5,9.1800,4.6200,10.4600,7.5000
$50 NBA Daily 8/14,2020-08-14T23:47:48.110810,estk_03938e5ab72be95ed086e77c2f7fd9b3,evt_03938e5ab72be95e,Hamidou Diallo,NBA,18.39,21.95,12.75,0.5,6.3100,4.9000,7.9400,4.7600
$50 NBA Daily 8/14,2020-08-14T23:47:48.110814,estk_03938e5ab72be95ee9aea717e9a5e7f3,evt_03938e5ab72be95e,Reggie Jackson,NBA,26.3,19.9,6.75,0.5,6.2900,5.9200,7.9200,5.2200
$50 NBA Daily 8/14,2020-08-14T23:47:48.110825,estk_03938e5ab72be95e85e7a39b281a7530,evt_03938e5ab72be95e,Ivica Zubac,NBA,25.69,16.84,4,0.5,5.1100,6.7700,6.7100,4.2500
$50 NBA Daily 8/14,2020-08-14T23:47:48.110832,estk_03938e5ab72be95ed5d16483f5148c0b,evt_03938e5ab72be95e,Darius Bazley,NBA,18.42,16.21,7,0.5,4.8000,4.9100,6.4000,3.9500
$50 NBA Daily 8/14,2020-08-14T23:47:48.110836,estk_03938e5ab72be95e4d546eba965e40a0,evt_03938e5ab72be95e,Steven Adams,NBA,23.31,15.15,3.5,0.5,4.4800,6.1300,6.0700,3.6000
$50 NBA Daily 8/14,2020-08-14T23:47:48.110848,estk_03938e5ab72be95e6e1b2c66fb087a89,evt_03938e5ab72be95e,Danilo Gallinari,NBA,20.34,12.92,2.75,0.5,3.7500,5.3400,5.3300,2.7800
$50 NBA Daily 8/14,2020-08-14T23:47:48.110852,estk_03938e5ab72be95e0b5bea604e9b515d,evt_03938e5ab72be95e,Nerlens Noel,NBA,18.49,11.74,2.5,0.5,3.4200,4.9300,5.3900,2.5800
$50 NBA Daily 8/14,2020-08-14T23:47:48.110855,estk_03938e5ab72be95e57693decb131a860,evt_03938e5ab72be95e,Lou Williams,NBA,19.8,9.9,0,0.5,2.9500,5.2200,4.8800,2.1200
$50 NBA Daily 8/14,2020-08-14T23:47:48.110859,estk_03938e5ab72be95ebb115bd4f54ff319,evt_03938e5ab72be95e,Kawhi Leonard,NBA,11.63,5.82,0,0.5,2.1300,11.0000,3.6700,1.3300
$50 NBA Daily 8/14,2020-08-14T23:47:48.110863,estk_03938e5ab72be95ef59563a6406f63f4,evt_03938e5ab72be95e,Paul George,NBA,10.67,5.33,0,0.5,2.0400,9.9600,4.0100,1.1900
$50 NBA Daily 8/14,2020-08-14T23:47:48.110867,estk_03938e5ab72be95e6e82fa5f30bdfa80,evt_03938e5ab72be95e,Marcus Morris,NBA,7.1,3.55,0,0.5,1.7800,5.7500,3.3200,
$50 NBA Daily 8/14,2020-08-14T23:47:48.110871,estk_03938e5ab72be95eaf1a06f413850d3c,evt_03938e5ab72be95e,Montrezl Harrell,NBA,0,0,0,0.5,1.0000,1.6600,2.5200,
$50 NBA Daily 8/14,2020-08-14T23:47:48.110874,estk_03938e5ab72be95e85078b5202b93fb5,evt_03938e5ab72be95e,Luguentz Dort,NBA,0,0,0,0.5,1.0000,1.4300,2.5200,
$50 NBA Daily 8/14,2020-08-14T23:47:48.110878,estk_03938e5ab72be95e86ea8af848cca3f6,evt_03938e5ab72be95e,Chris Paul,NBA,0,0,0,0.5,1.0000,3.2000,2.5200,
$50 NBA Daily 8/14,2020-08-14T23:47:48.110887,estk_03938e5ab72be95eb402a1af1291a618,evt_03938e5ab72be95e,Patrick Beverley,NBA,0,0,0,0.5,1.0000,1.4700,2.5200,
$50 NBA Daily 8/14,2020-08-15T00:03:58.959599,estk_03938e5ab72be95ece8e428feaa184fb,evt_03938e5ab72be95e,Dennis Schroder,NBA,21.19,34.63,24.25,0.51,16.3800,3.7000,17.9700,14.5500
$50 NBA Daily 8/14,2020-08-15T00:03:58.959629,estk_03938e5ab72be95e33aee19dae855240,evt_03938e5ab72be95e,Shai Gilgeous-Alexander,NBA,21.79,27.18,16.5,0.51,11.8000,5.7300,13.3800,10.0900
