name,time,id,event_id,stock_name,sector,fantasy_points_projected,fantasy_points_projected_live,fantasy_points_scored,amount_completed,estimated_price,last_price,ask_price,bid_price
$50 NBA Daily 8/20,2020-08-20T14:00:21.707978,estk_f5eb165987fe03111452baccd9371298,evt_f5eb165987fe0311,LeBron James,NBA,58.15,,,,,,,
$50 NBA Daily 8/20,2020-08-20T14:00:21.708011,estk_f5eb165987fe031112d0c14aa5dfd232,evt_f5eb165987fe0311,Giannis Antetokounmpo,NBA,54.49,,,,,,,
$50 NBA Daily 8/20,2020-08-20T14:00:21.708018,estk_f5eb165987fe03119af7d442f918404f,evt_f5eb165987fe0311,Anthony Davis,NBA,50.69,,,,,,,
$50 NBA Daily 8/20,2020-08-20T14:00:21.708022,estk_f5eb165987fe031101113a8407ed38e2,evt_f5eb165987fe0311,Damian Lillard,NBA,47.4,,,,,,,
$50 NBA Daily 8/20,2020-08-20T14:00:21.708026,estk_f5eb165987fe0311f6c7d554d2fa9f75,evt_f5eb165987fe0311,Nikola Vucevic,NBA,42.62,,,,,,,
$50 NBA Daily 8/20,2020-08-20T14:00:21.708030,estk_f5eb165987fe03111a3043d6384c59cc,evt_f5eb165987fe0311,Jusuf Nurkic,NBA,37.69,,,,,,,
$50 NBA Daily 8/20,2020-08-20T14:00:21.708034,estk_f5eb165987fe03114641ef307a4855e5,evt_f5eb165987fe0311,CJ McCollum,NBA,33.32,,,,,,,
$50 NBA Daily 8/20,2020-08-20T14:00:21.708038,estk_f5eb165987fe0311f2604b3c6ec43ff2,evt_f5eb165987fe0311,Khris Middleton,NBA,32.67,,,,,,,
$50 NBA Daily 8/20,2020-08-20T14:00:21.708042,estk_f5eb165987fe031131303064abb30322,evt_f5eb165987fe0311,Hassan Whiteside,NBA,29.78,,,,,,,
$50 NBA Daily 8/20,2020-08-20T14:00:21.708046,estk_f5eb165987fe031155086ea38656fe99,evt_f5eb165987fe0311,Aaron Gordon,NBA,27.68,,,,,,,
$50 NBA Daily 8/20,2020-08-20T14:00:21.708050,estk_f5eb165987fe031158d79b9f2662f624,evt_f5eb165987fe0311,Evan Fournier,NBA,25.75,,,,,,,
$50 NBA Daily 8/20,2020-08-20T14:00:21.708054,estk_f5eb165987fe031104749763bd15faac,evt_f5eb165987fe0311,Eric Bledsoe,NBA,25.55,,,,,,,
$50 NBA Daily 8/20,2020-08-20T14:00:21.708058,estk_f5eb165987fe03116a7e9a693923060b,evt_f5eb165987fe0311,Carmelo Anthony,NBA,25.43,,,,,,,
$50 NBA Daily 8/20,2020-08-20T14:00:21.708062,estk_f5eb165987fe0311ebfb1a44ae619e2e,evt_f5eb165987fe0311,Kyle Kuzma,NBA,25.15,,,,,,,
$50 NBA Daily 8/20,2020-08-20T14:00:21.708066,estk_f5eb165987fe0311806121a64c461e99,evt_f5eb165987fe0311,Brook Lopez,NBA,24.32,,,,,,,
$50 NBA Daily 8/20,2020-08-20T14:00:21.708070,estk_f5eb165987fe0311f95aa87cc77383be,evt_f5eb165987fe0311,Markelle Fultz,NBA,23.15,,,,,,,
$50 NBA Daily 8/20,2020-08-20T14:00:21.708074,estk_f5eb165987fe0311663b3162753394ed,evt_f5eb165987fe0311,Terrence Ross,NBA,20.02,,,,,,,
$50 NBA Daily 8/20,2020-08-20T14:00:21.708078,estk_f5eb165987fe0311828daf68b6f4025d,evt_f5eb165987fe0311,George Hill,NBA,19.66,,,,,,,
$50 NBA Daily 8/20,2020-08-20T14:00:21.708082,estk_f5eb165987fe0311f2b631af853210c3,evt_f5eb165987fe0311,Kentavious Caldwell-Pope,NBA,18.14,,,,,,,
$50 NBA Daily 8/20,2020-08-20T14:00:21.708086,estk_f5eb165987fe03117d8f05cf2dd6dbea,evt_f5eb165987fe0311,D.J. Augustin,NBA,17.97,,,,,,,
$50 NBA Daily 8/20,2020-08-20T14:00:21.708089,estk_f5eb165987fe0311a8ff2d0160121c76,evt_f5eb165987fe0311,Dwight Howard,NBA,17.62,,,,,,,
$50 NBA Daily 8/20,2020-08-20T14:00:21.708094,estk_f5eb165987fe03110b04a4c808a880c2,evt_f5eb165987fe0311,Gary Trent,NBA,17.16,,,,,,,
$50 NBA Daily 8/20,2020-08-20T14:00:21.708097,estk_f5eb165987fe03119076cef21a11902c,evt_f5eb165987fe0311,Donte DiVincenzo,NBA,15.85,,,,,,,
$50 NBA Daily 8/20,2020-08-20T14:00:21.708101,estk_f5eb165987fe0311c7f79998d02ebada,evt_f5eb165987fe0311,Danny Green,NBA,15.8,,,,,,,
$50 NBA Daily 8/20,2020-08-20T14:00:21.708106,estk_f5eb165987fe0311b349a48e189ba3d0,evt_f5eb165987fe0311,Pat Connaughton,NBA,15.68,,,,,,,
$50 NBA Daily 8/20,2020-08-20T14:00:21.708109,estk_f5eb165987fe0311f16014e0a040fe5b,evt_f5eb165987fe0311,Wesley Matthews,NBA,14.75,,,,,,,
$50 NBA Daily 8/20,2020-08-20T14:00:21.708114,estk_f5eb165987fe0311cc5df41068f20fef,evt_f5eb165987fe0311,Alex Caruso,NBA,14.2,,,,,,,
$50 NBA Daily 8/20,2020-08-20T14:00:21.708117,estk_f5eb165987fe0311c3a200d16d9a3fa2,evt_f5eb165987fe0311,JaVale McGee,NBA,13.82,,,,,,,
$50 NBA Daily 8/20,2020-08-20T14:00:21.708121,estk_f5eb165987fe03115684a141296027b3,evt_f5eb165987fe0311,James Ennis,NBA,13.67,,,,,,,
$50 NBA Daily 8/20,2020-08-20T14:00:21.708125,estk_f5eb165987fe031134e281c85e12c538,evt_f5eb165987fe0311,Khem Birch,NBA,13.28,,,,,,,
$50 NBA Daily 8/20,2020-08-20T14:00:21.708129,estk_f5eb165987fe031181cf003a81460da1,evt_f5eb165987fe0311,Markieff Morris,NBA,13.14,,,,,,,
$50 NBA Daily 8/20,2020-08-20T14:00:21.708133,estk_f5eb165987fe031111c18bea3e4a147b,evt_f5eb165987fe0311,Rajon Rondo,NBA,13.06,,,,,,,
$50 NBA Daily 8/20,2020-08-20T14:06:54.423702,estk_f5eb165987fe03111452baccd9371298,evt_f5eb165987fe0311,LeBron James,NBA,58.15,,,,16.9000,1.0900,,
$50 NBA Daily 8/20,2020-08-20T14:06:54.423731,estk_f5eb165987fe031112d0c14aa5dfd232,evt_f5eb165987fe0311,Giannis Antetokounmpo,NBA,54.49,,,,15.2600,1.1100,,
$50 NBA Daily 8/20,2020-08-20T14:06:54.423736,estk_f5eb165987fe03119af7d442f918404f,evt_f5eb165987fe0311,Anthony Davis,NBA,50.69,,,,13.6000,1.1000,,
$50 NBA Daily 8/20,2020-08-20T14:06:54.423740,estk_f5eb165987fe031101113a8407ed38e2,evt_f5eb165987fe0311,Damian Lillard,NBA,47.4,,,,12.2800,1.0900,,
$50 NBA Daily 8/20,2020-08-20T14:06:54.423744,estk_f5eb165987fe0311f6c7d554d2fa9f75,evt_f5eb165987fe0311,Nikola Vucevic,NBA,42.62,,,,10.2000,1.0800,,
$50 NBA Daily 8/20,2020-08-20T14:06:54.423748,estk_f5eb165987fe03111a3043d6384c59cc,evt_f5eb165987fe0311,Jusuf Nurkic,NBA,37.69,,,,8.3900,1.0700,,
$50 NBA Daily 8/20,2020-08-20T14:06:54.423752,estk_f5eb165987fe03114641ef307a4855e5,evt_f5eb165987fe0311,CJ McCollum,NBA,33.32,,,,6.8200,1.0600,,
$50 NBA Daily 8/20,2020-08-20T14:06:54.423756,estk_f5eb165987fe0311f2604b3c6ec43ff2,evt_f5eb165987fe0311,Khris Middleton,NBA,32.67,,,,6.6100,1.0400,,
$50 NBA Daily 8/20,2020-08-20T14:06:54.423760,estk_f5eb165987fe031131303064abb30322,evt_f5eb165987fe0311,Hassan Whiteside,NBA,29.78,,,,5.7200,1.0400,,
$50 NBA Daily 8/20,2020-08-20T14:06:54.423764,estk_f5eb165987fe031155086ea38656fe99,evt_f5eb165987fe0311,Aaron Gordon,NBA,27.68,,,,5.1700,1.0300,,
$50 NBA Daily 8/20,2020-08-20T14:06:54.423767,estk_f5eb165987fe031158d79b9f2662f624,evt_f5eb165987fe0311,Evan Fournier,NBA,25.75,,,,4.6300,1.0400,,
$50 NBA Daily 8/20,2020-08-20T14:06:54.423774,estk_f5eb165987fe031104749763bd15faac,evt_f5eb165987fe0311,Eric Bledsoe,NBA,25.55,,,,4.5900,1.0300,,
$50 NBA Daily 8/20,2020-08-20T14:06:54.423777,estk_f5eb165987fe03116a7e9a693923060b,evt_f5eb165987fe0311,Carmelo Anthony,NBA,25.43,,,,4.5500,1.0300,,
$50 NBA Daily 8/20,2020-08-20T14:06:54.423781,estk_f5eb165987fe0311ebfb1a44ae619e2e,evt_f5eb165987fe0311,Kyle Kuzma,NBA,25.15,,,,4.5300,1.0300,,
$50 NBA Daily 8/20,2020-08-20T14:06:54.423785,estk_f5eb165987fe0311806121a64c461e99,evt_f5eb165987fe0311,Brook Lopez,NBA,24.32,,,,4.3400,1.0300,,
$50 NBA Daily 8/20,2020-08-20T14:06:54.423788,estk_f5eb165987fe0311f95aa87cc77383be,evt_f5eb165987fe0311,Markelle Fultz,NBA,23.15,,,,4.1000,1.0300,,
$50 NBA Daily 8/20,2020-08-20T14:06:54.423792,estk_f5eb165987fe0311663b3162753394ed,evt_f5eb165987fe0311,Terrence Ross,NBA,20.02,,,,3.4400,1.0200,,
$50 NBA Daily 8/20,2020-08-20T14:06:54.423796,estk_f5eb165987fe0311828daf68b6f4025d,evt_f5eb165987fe0311,George Hill,NBA,19.66,,,,3.3300,1.0200,,
$50 NBA Daily 8/20,2020-08-20T14:06:54.423799,estk_f5eb165987fe03117d8f05cf2dd6dbea,evt_f5eb165987fe0311,D.J. Augustin,NBA,17.97,,,,3.0600,1.0100,,
$50 NBA Daily 8/20,2020-08-20T14:06:54.423802,estk_f5eb165987fe0311f2b631af853210c3,evt_f5eb165987fe0311,Kentavious Caldwell-Pope,NBA,18.14,,,,3.0300,1.0200,,
$50 NBA Daily 8/20,2020-08-20T14:06:54.423806,estk_f5eb165987fe0311a8ff2d0160121c76,evt_f5eb165987fe0311,Dwight Howard,NBA,17.62,,,,2.9500,1.0100,,
$50 NBA Daily 8/20,2020-08-20T14:06:54.423809,estk_f5eb165987fe03110b04a4c808a880c2,evt_f5eb165987fe0311,Gary Trent,NBA,17.16,,,,2.9200,1.0200,,
$50 NBA Daily 8/20,2020-08-20T14:06:54.423831,estk_f5eb165987fe0311c7f79998d02ebada,evt_f5eb165987fe0311,Danny Green,NBA,15.8,,,,2.7400,1.0100,,
$50 NBA Daily 8/20,2020-08-20T14:06:54.423835,estk_f5eb165987fe03119076cef21a11902c,evt_f5eb165987fe0311,Donte DiVincenzo,NBA,15.85,,,,2.6900,1.0100,,
$50 NBA Daily 8/20,2020-08-20T14:06:54.423838,estk_f5eb165987fe0311b349a48e189ba3d0,evt_f5eb165987fe0311,Pat Connaughton,NBA,15.68,,,,2.6800,1.0200,,
$50 NBA Daily 8/20,2020-08-20T14:06:54.423842,estk_f5eb165987fe0311f16014e0a040fe5b,evt_f5eb165987fe0311,Wesley Matthews,NBA,14.75,,,,2.5400,1.0100,,
$50 NBA Daily 8/20,2020-08-20T14:06:54.423845,estk_f5eb165987fe0311cc5df41068f20fef,evt_f5eb165987fe0311,Alex Caruso,NBA,14.2,,,,2.5300,1.0100,,
$50 NBA Daily 8/20,2020-08-20T14:06:54.423849,estk_f5eb165987fe03115684a141296027b3,evt_f5eb165987fe0311,James Ennis,NBA,13.67,,,,2.4500,1.0100,,
$50 NBA Daily 8/20,2020-08-20T14:06:54.423852,estk_f5eb165987fe0311c3a200d16d9a3fa2,evt_f5eb165987fe0311,JaVale McGee,NBA,13.82,,,,2.4400,1.0100,,
$50 NBA Daily 8/20,2020-08-20T14:06:54.423855,estk_f5eb165987fe031134e281c85e12c538,evt_f5eb165987fe0311,Khem Birch,NBA,13.28,,,,2.3500,1.0100,,
$50 NBA Daily 8/20,2020-08-20T14:06:54.423859,estk_f5eb165987fe031181cf003a81460da1,evt_f5eb165987fe0311,Markieff Morris,NBA,13.14,,,,2.3400,1.0100,,
$50 NBA Daily 8/20,2020-08-20T14:06:54.423862,estk_f5eb165987fe031111c18bea3e4a147b,evt_f5eb165987fe0311,Rajon Rondo,NBA,13.06,,,,2.3300,1.0100,,
$50 NBA Daily 8/20,2020-08-20T21:59:19.587323,estk_f5eb165987fe03111452baccd9371298,evt_f5eb165987fe0311,LeBron James,NBA,58.15,58.15,0,0,15.9600,7.3600,17.7800,
$50 NBA Daily 8/20,2020-08-20T21:59:19.587344,estk_f5eb165987fe031112d0c14aa5dfd232,evt_f5eb165987fe0311,Giannis Antetokounmpo,NBA,54.49,54.49,0,0,14.6200,7.1200,16.4100,
$50 NBA Daily 8/20,2020-08-20T21:59:19.587348,estk_f5eb165987fe03119af7d442f918404f,evt_f5eb165987fe0311,Anthony Davis,NBA,50.69,50.69,0,0,13.0500,7.3100,14.8100,
$50 NBA Daily 8/20,2020-08-20T21:59:19.587352,estk_f5eb165987fe031101113a8407ed38e2,evt_f5eb165987fe0311,Damian Lillard,NBA,47.4,47.4,0,0,11.7600,7.2400,13.5000,
$50 NBA Daily 8/20,2020-08-20T21:59:19.587356,estk_f5eb165987fe0311f6c7d554d2fa9f75,evt_f5eb165987fe0311,Nikola Vucevic,NBA,43.84,43.84,0,0,10.3700,7.0300,12.0800,
$50 NBA Daily 8/20,2020-08-20T21:59:19.587361,estk_f5eb165987fe03111a3043d6384c59cc,evt_f5eb165987fe0311,Jusuf Nurkic,NBA,37.69,37.69,0,0,8.2500,6.4800,9.9200,
$50 NBA Daily 8/20,2020-08-20T21:59:19.587365,estk_f5eb165987fe03114641ef307a4855e5,evt_f5eb165987fe0311,CJ McCollum,NBA,33.32,33.32,0,0,6.8200,6.0300,8.4600,
$50 NBA Daily 8/20,2020-08-20T21:59:19.587369,estk_f5eb165987fe0311f2604b3c6ec43ff2,evt_f5eb165987fe0311,Khris Middleton,NBA,32.67,32.67,0,0,6.7000,6.0700,8.3300,
$50 NBA Daily 8/20,2020-08-20T21:59:19.587373,estk_f5eb165987fe031131303064abb30322,evt_f5eb165987fe0311,Hassan Whiteside,NBA,29.78,29.78,0,0,5.8800,5.5500,7.5000,
$50 NBA Daily 8/20,2020-08-20T21:59:19.587377,estk_f5eb165987fe031158d79b9f2662f624,evt_f5eb165987fe0311,Evan Fournier,NBA,26.48,26.48,0,0,5.0300,4.7900,6.6300,
$50 NBA Daily 8/20,2020-08-20T21:59:19.587381,estk_f5eb165987fe031104749763bd15faac,evt_f5eb165987fe0311,Eric Bledsoe,NBA,25.55,25.55,0,0,4.8400,4.5800,6.4400,
$50 NBA Daily 8/20,2020-08-20T21:59:19.587385,estk_f5eb165987fe03116a7e9a693923060b,evt_f5eb165987fe0311,Carmelo Anthony,NBA,25.43,25.43,0,0,4.7500,4.5700,6.3500,
$50 NBA Daily 8/20,2020-08-20T21:59:19.587389,estk_f5eb165987fe0311ebfb1a44ae619e2e,evt_f5eb165987fe0311,Kyle Kuzma,NBA,25.15,25.15,0,0,4.6900,4.5000,6.2800,
$50 NBA Daily 8/20,2020-08-20T21:59:19.587392,estk_f5eb165987fe0311806121a64c461e99,evt_f5eb165987fe0311,Brook Lopez,NBA,24.32,24.32,0,0,4.5800,4.3500,6.1700,
$50 NBA Daily 8/20,2020-08-20T21:59:19.587396,estk_f5eb165987fe0311f95aa87cc77383be,evt_f5eb165987fe0311,Markelle Fultz,NBA,23.95,23.95,0,0,4.4200,4.2500,6.0100,
$50 NBA Daily 8/20,2020-08-20T21:59:19.587400,estk_f5eb165987fe0311663b3162753394ed,evt_f5eb165987fe0311,Terrence Ross,NBA,20.77,20.77,0,0,3.7400,3.6500,5.3100,
$50 NBA Daily 8/20,2020-08-20T21:59:19.587403,estk_f5eb165987fe0311828daf68b6f4025d,evt_f5eb165987fe0311,George Hill,NBA,19.66,19.66,0,0,3.5700,3.4700,5.1400,
$50 NBA Daily 8/20,2020-08-20T21:59:19.587407,estk_f5eb165987fe03115684a141296027b3,evt_f5eb165987fe0311,James Ennis,NBA,19.26,19.26,0,0,3.4900,3.4100,5.0600,
$50 NBA Daily 8/20,2020-08-20T21:59:19.587410,estk_f5eb165987fe0311f2b631af853210c3,evt_f5eb165987fe0311,Kentavious Caldwell-Pope,NBA,18.14,18.14,0,0,3.3400,3.2000,4.9100,
$50 NBA Daily 8/20,2020-08-20T21:59:19.587414,estk_f5eb165987fe03117d8f05cf2dd6dbea,evt_f5eb165987fe0311,D.J. Augustin,NBA,17.97,17.97,0,0,3.3000,3.1800,4.8700,
$50 NBA Daily 8/20,2020-08-20T21:59:19.587418,estk_f5eb165987fe0311a8ff2d0160121c76,evt_f5eb165987fe0311,Dwight Howard,NBA,17.62,17.62,0,0,3.2500,3.1300,4.8200,
$50 NBA Daily 8/20,2020-08-20T21:59:19.587422,estk_f5eb165987fe03110b04a4c808a880c2,evt_f5eb165987fe0311,Gary Trent,NBA,17.16,17.16,0,0,3.1500,3.0600,4.7100,
$50 NBA Daily 8/20,2020-08-20T21:59:19.587425,estk_f5eb165987fe03119076cef21a11902c,evt_f5eb165987fe0311,Donte DiVincenzo,NBA,15.85,15.85,0,0,2.9600,2.8900,4.5200,
$50 NBA Daily 8/20,2020-08-20T21:59:19.587429,estk_f5eb165987fe0311b349a48e189ba3d0,evt_f5eb165987fe0311,Pat Connaughton,NBA,15.68,15.68,0,0,2.9400,2.8300,4.5000,
$50 NBA Daily 8/20,2020-08-20T21:59:19.587432,estk_f5eb165987fe0311c7f79998d02ebada,evt_f5eb165987fe0311,Danny Green,NBA,15.8,15.8,0,0,2.9300,2.8300,4.4900,
$50 NBA Daily 8/20,2020-08-20T21:59:19.587436,estk_f5eb165987fe0311f16014e0a040fe5b,evt_f5eb165987fe0311,Wesley Matthews,NBA,14.75,14.75,0,0,2.8500,2.7100,4.4100,
$50 NBA Daily 8/20,2020-08-20T21:59:19.587440,estk_f5eb165987fe0311c3a200d16d9a3fa2,evt_f5eb165987fe0311,JaVale McGee,NBA,13.82,13.82,0,0,2.7400,2.6000,4.2900,
$50 NBA Daily 8/20,2020-08-20T21:59:19.587444,estk_f5eb165987fe0311cc5df41068f20fef,evt_f5eb165987fe0311,Alex Caruso,NBA,14.2,14.2,0,0,2.7200,2.6700,,
$50 NBA Daily 8/20,2020-08-20T21:59:19.587447,estk_f5eb165987fe031181cf003a81460da1,evt_f5eb165987fe0311,Markieff Morris,NBA,13.14,13.14,0,0,2.6300,2.5300,4.1800,
$50 NBA Daily 8/20,2020-08-20T21:59:19.587451,estk_f5eb165987fe031134e281c85e12c538,evt_f5eb165987fe0311,Khem Birch,NBA,13.28,13.28,0,0,2.6200,2.5300,4.1700,
$50 NBA Daily 8/20,2020-08-20T21:59:19.587455,estk_f5eb165987fe031111c18bea3e4a147b,evt_f5eb165987fe0311,Rajon Rondo,NBA,13.06,13.06,0,0,2.5500,2.5000,4.1000,
$50 NBA Daily 8/20,2020-08-20T21:59:19.587458,estk_f5eb165987fe031155086ea38656fe99,evt_f5eb165987fe0311,Aaron Gordon,NBA,0,0,0,0,1.0000,3.4000,2.5200,
$50 NBA Daily 8/20,2020-08-20T21:59:19.687656,estk_f5eb165987fe03111452baccd9371298,evt_f5eb165987fe0311,LeBron James,NBA,58.15,58.15,0,0,15.9600,7.3600,17.7800,
$50 NBA Daily 8/20,2020-08-20T21:59:19.687686,estk_f5eb165987fe031112d0c14aa5dfd232,evt_f5eb165987fe0311,Giannis Antetokounmpo,NBA,54.49,54.49,0,0,14.6200,7.1200,16.4100,
$50 NBA Daily 8/20,2020-08-20T21:59:19.687691,estk_f5eb165987fe03119af7d442f918404f,evt_f5eb165987fe0311,Anthony Davis,NBA,50.69,50.69,0,0,13.0500,7.3100,14.8100,
$50 NBA Daily 8/20,2020-08-20T21:59:19.687696,estk_f5eb165987fe031101113a8407ed38e2,evt_f5eb165987fe0311,Damian Lillard,NBA,47.4,47.4,0,0,11.7600,7.2400,13.5000,
$50 NBA Daily 8/20,2020-08-20T21:59:19.687700,estk_f5eb165987fe0311f6c7d554d2fa9f75,evt_f5eb165987fe0311,Nikola Vucevic,NBA,43.84,43.84,0,0,10.3700,7.0300,12.0800,
$50 NBA Daily 8/20,2020-08-20T21:59:19.687704,estk_f5eb165987fe03111a3043d6384c59cc,evt_f5eb165987fe0311,Jusuf Nurkic,NBA,37.69,37.69,0,0,8.2500,6.4800,9.9200,
$50 NBA Daily 8/20,2020-08-20T21:59:19.687708,estk_f5eb165987fe03114641ef307a4855e5,evt_f5eb165987fe0311,CJ McCollum,NBA,33.32,33.32,0,0,6.8200,6.0300,8.4600,
$50 NBA Daily 8/20,2020-08-20T21:59:19.687712,estk_f5eb165987fe0311f2604b3c6ec43ff2,evt_f5eb165987fe0311,Khris Middleton,NBA,32.67,32.67,0,0,6.7000,6.0700,8.3300,
$50 NBA Daily 8/20,2020-08-20T21:59:19.687717,estk_f5eb165987fe031131303064abb30322,evt_f5eb165987fe0311,Hassan Whiteside,NBA,29.78,29.78,0,0,5.8800,5.5500,7.5000,
$50 NBA Daily 8/20,2020-08-20T21:59:19.687721,estk_f5eb165987fe031158d79b9f2662f624,evt_f5eb165987fe0311,Evan Fournier,NBA,26.48,26.48,0,0,5.0300,4.7900,6.6300,
$50 NBA Daily 8/20,2020-08-20T21:59:19.687725,estk_f5eb165987fe031104749763bd15faac,evt_f5eb165987fe0311,Eric Bledsoe,NBA,25.55,25.55,0,0,4.8400,4.5800,6.4400,
$50 NBA Daily 8/20,2020-08-20T21:59:19.687729,estk_f5eb165987fe03116a7e9a693923060b,evt_f5eb165987fe0311,Carmelo Anthony,NBA,25.43,25.43,0,0,4.7500,4.5700,6.3500,
$50 NBA Daily 8/20,2020-08-20T21:59:19.687733,estk_f5eb165987fe0311ebfb1a44ae619e2e,evt_f5eb165987fe0311,Kyle Kuzma,NBA,25.15,25.15,0,0,4.6900,4.5000,6.2800,
$50 NBA Daily 8/20,2020-08-20T21:59:19.687738,estk_f5eb165987fe0311806121a64c461e99,evt_f5eb165987fe0311,Brook Lopez,NBA,24.32,24.32,0,0,4.5800,4.3500,6.1700,
$50 NBA Daily 8/20,2020-08-20T21:59:19.687742,estk_f5eb165987fe0311f95aa87cc77383be,evt_f5eb165987fe0311,Markelle Fultz,NBA,23.95,23.95,0,0,4.4200,4.2500,6.0100,
$50 NBA Daily 8/20,2020-08-20T21:59:19.687746,estk_f5eb165987fe0311663b3162753394ed,evt_f5eb165987fe0311,Terrence Ross,NBA,20.77,20.77,0,0,3.7400,3.6500,5.3100,
$50 NBA Daily 8/20,2020-08-20T21:59:19.687750,estk_f5eb165987fe0311828daf68b6f4025d,evt_f5eb165987fe0311,George Hill,NBA,19.66,19.66,0,0,3.5700,3.4700,5.1400,
$50 NBA Daily 8/20,2020-08-20T21:59:19.687755,estk_f5eb165987fe03115684a141296027b3,evt_f5eb165987fe0311,James Ennis,NBA,19.26,19.26,0,0,3.4900,3.4100,5.0600,
$50 NBA Daily 8/20,2020-08-20T21:59:19.687759,estk_f5eb165987fe0311f2b631af853210c3,evt_f5eb165987fe0311,Kentavious Caldwell-Pope,NBA,18.14,18.14,0,0,3.3400,3.2000,4.9100,
$50 NBA Daily 8/20,2020-08-20T21:59:19.687763,estk_f5eb165987fe03117d8f05cf2dd6dbea,evt_f5eb165987fe0311,D.J. Augustin,NBA,17.97,17.97,0,0,3.3000,3.1800,4.8700,
$50 NBA Daily 8/20,2020-08-20T21:59:19.687767,estk_f5eb165987fe0311a8ff2d0160121c76,evt_f5eb165987fe0311,Dwight Howard,NBA,17.62,17.62,0,0,3.2500,3.1300,4.8200,
$50 NBA Daily 8/20,2020-08-20T21:59:19.687771,estk_f5eb165987fe03110b04a4c808a880c2,evt_f5eb165987fe0311,Gary Trent,NBA,17.16,17.16,0,0,3.1500,3.0600,4.7100,
$50 NBA Daily 8/20,2020-08-20T21:59:19.687775,estk_f5eb165987fe03119076cef21a11902c,evt_f5eb165987fe0311,Donte DiVincenzo,NBA,15.85,15.85,0,0,2.9600,2.8900,4.5200,
$50 NBA Daily 8/20,2020-08-20T21:59:19.687779,estk_f5eb165987fe0311b349a48e189ba3d0,evt_f5eb165987fe0311,Pat Connaughton,NBA,15.68,15.68,0,0,2.9400,2.8300,4.5000,
$50 NBA Daily 8/20,2020-08-20T21:59:19.687783,estk_f5eb165987fe0311c7f79998d02ebada,evt_f5eb165987fe0311,Danny Green,NBA,15.8,15.8,0,0,2.9300,2.8300,4.4900,
$50 NBA Daily 8/20,2020-08-20T21:59:19.687787,estk_f5eb165987fe0311f16014e0a040fe5b,evt_f5eb165987fe0311,Wesley Matthews,NBA,14.75,14.75,0,0,2.8500,2.7100,4.4100,
$50 NBA Daily 8/20,2020-08-20T21:59:19.687792,estk_f5eb165987fe0311c3a200d16d9a3fa2,evt_f5eb165987fe0311,JaVale McGee,NBA,13.82,13.82,0,0,2.7400,2.6000,4.2900,
$50 NBA Daily 8/20,2020-08-20T21:59:19.687795,estk_f5eb165987fe0311cc5df41068f20fef,evt_f5eb165987fe0311,Alex Caruso,NBA,14.2,14.2,0,0,2.7200,2.6700,,
$50 NBA Daily 8/20,2020-08-20T21:59:19.687799,estk_f5eb165987fe031181cf003a81460da1,evt_f5eb165987fe0311,Markieff Morris,NBA,13.14,13.14,0,0,2.6300,2.5300,4.1800,
$50 NBA Daily 8/20,2020-08-20T21:59:19.687803,estk_f5eb165987fe031134e281c85e12c538,evt_f5eb165987fe0311,Khem Birch,NBA,13.28,13.28,0,0,2.6200,2.5300,4.1700,
$50 NBA Daily 8/20,2020-08-20T21:59:19.687807,estk_f5eb165987fe031111c18bea3e4a147b,evt_f5eb165987fe0311,Rajon Rondo,NBA,13.06,13.06,0,0,2.5500,2.5000,4.1000,
$50 NBA Daily 8/20,2020-08-20T21:59:19.687810,estk_f5eb165987fe031155086ea38656fe99,evt_f5eb165987fe0311,Aaron Gordon,NBA,0,0,0,0,1.0000,3.4000,2.5200,
$50 NBA Daily 8/20,2020-08-20T22:12:28.227692,estk_f5eb165987fe031112d0c14aa5dfd232,evt_f5eb165987fe0311,Giannis Antetokounmpo,NBA,54.49,57.9,4.5,0.02,14.5300,7.1200,16.2800,
$50 NBA Daily 8/20,2020-08-20T22:12:28.227707,estk_f5eb165987fe0311f6c7d554d2fa9f75,evt_f5eb165987fe0311,Nikola Vucevic,NBA,43.84,42.96,0,0.02,10.2900,7.0300,12.0500,
$50 NBA Daily 8/20,2020-08-20T22:12:28.227719,estk_f5eb165987fe0311f2604b3c6ec43ff2,evt_f5eb165987fe0311,Khris Middleton,NBA,32.67,31.52,-0.5,0.02,6.6100,6.0700,8.3300,
$50 NBA Daily 8/20,2020-08-20T22:12:28.227727,estk_f5eb165987fe031158d79b9f2662f624,evt_f5eb165987fe0311,Evan Fournier,NBA,26.48,25.95,0,0.02,5.0500,4.7900,6.6000,
$50 NBA Daily 8/20,2020-08-20T22:12:28.227731,estk_f5eb165987fe031104749763bd15faac,evt_f5eb165987fe0311,Eric Bledsoe,NBA,25.55,25.04,0,0.02,4.8400,4.5800,6.4100,
$50 NBA Daily 8/20,2020-08-20T22:12:28.227743,estk_f5eb165987fe0311f95aa87cc77383be,evt_f5eb165987fe0311,Markelle Fultz,NBA,23.95,22.97,-0.5,0.02,4.5200,4.2500,6.0000,
$50 NBA Daily 8/20,2020-08-20T22:12:28.227748,estk_f5eb165987fe0311806121a64c461e99,evt_f5eb165987fe0311,Brook Lopez,NBA,24.32,23.83,0,0.02,4.5100,4.3500,6.1500,
$50 NBA Daily 8/20,2020-08-20T22:12:28.227752,estk_f5eb165987fe0311663b3162753394ed,evt_f5eb165987fe0311,Terrence Ross,NBA,20.77,20.35,0,0.02,3.7800,3.6500,5.3100,
$50 NBA Daily 8/20,2020-08-20T22:12:28.227756,estk_f5eb165987fe0311828daf68b6f4025d,evt_f5eb165987fe0311,George Hill,NBA,19.66,19.27,0,0.02,3.6300,3.4700,5.1400,
$50 NBA Daily 8/20,2020-08-20T22:12:28.227760,estk_f5eb165987fe03115684a141296027b3,evt_f5eb165987fe0311,James Ennis,NBA,19.26,20.12,1.25,0.02,3.5300,3.4100,5.0200,
$50 NBA Daily 8/20,2020-08-20T22:12:28.227768,estk_f5eb165987fe03117d8f05cf2dd6dbea,evt_f5eb165987fe0311,D.J. Augustin,NBA,17.97,17.61,0,0.02,3.3000,3.1800,4.8500,
$50 NBA Daily 8/20,2020-08-20T22:12:28.227780,estk_f5eb165987fe03119076cef21a11902c,evt_f5eb165987fe0311,Donte DiVincenzo,NBA,15.85,15.53,0,0.02,2.9600,2.8900,4.5200,
$50 NBA Daily 8/20,2020-08-20T22:12:28.227784,estk_f5eb165987fe0311b349a48e189ba3d0,evt_f5eb165987fe0311,Pat Connaughton,NBA,15.68,15.37,0,0.02,2.9600,2.8300,4.5000,
$50 NBA Daily 8/20,2020-08-20T22:12:28.227791,estk_f5eb165987fe0311f16014e0a040fe5b,evt_f5eb165987fe0311,Wesley Matthews,NBA,14.75,14.46,0,0.02,2.8200,2.7100,4.4000,
$50 NBA Daily 8/20,2020-08-20T22:12:28.227803,estk_f5eb165987fe031134e281c85e12c538,evt_f5eb165987fe0311,Khem Birch,NBA,13.28,13.01,0,0.02,2.6300,2.5300,4.1400,
$50 NBA Daily 8/20,2020-08-20T22:12:28.227814,estk_f5eb165987fe031155086ea38656fe99,evt_f5eb165987fe0311,Aaron Gordon,NBA,0,0,0,0.02,1.0000,3.4000,2.5200,
$50 NBA Daily 8/20,2020-08-20T22:12:28.418073,estk_f5eb165987fe031112d0c14aa5dfd232,evt_f5eb165987fe0311,Giannis Antetokounmpo,NBA,54.49,57.9,4.5,0.02,14.5300,7.1200,16.2800,
$50 NBA Daily 8/20,2020-08-20T22:12:28.418087,estk_f5eb165987fe0311f6c7d554d2fa9f75,evt_f5eb165987fe0311,Nikola Vucevic,NBA,43.84,42.96,0,0.02,10.2900,7.0300,12.0500,
$50 NBA Daily 8/20,2020-08-20T22:12:28.418099,estk_f5eb165987fe0311f2604b3c6ec43ff2,evt_f5eb165987fe0311,Khris Middleton,NBA,32.67,31.52,-0.5,0.02,6.6100,6.0700,8.3300,
$50 NBA Daily 8/20,2020-08-20T22:12:28.418106,estk_f5eb165987fe031158d79b9f2662f624,evt_f5eb165987fe0311,Evan Fournier,NBA,26.48,25.95,0,0.02,5.0500,4.7900,6.6000,
$50 NBA Daily 8/20,2020-08-20T22:12:28.418110,estk_f5eb165987fe031104749763bd15faac,evt_f5eb165987fe0311,Eric Bledsoe,NBA,25.55,25.04,0,0.02,4.8400,4.5800,6.4100,
$50 NBA Daily 8/20,2020-08-20T22:12:28.418122,estk_f5eb165987fe0311f95aa87cc77383be,evt_f5eb165987fe0311,Markelle Fultz,NBA,23.95,22.97,-0.5,0.02,4.5200,4.2500,6.0000,
$50 NBA Daily 8/20,2020-08-20T22:12:28.418126,estk_f5eb165987fe0311806121a64c461e99,evt_f5eb165987fe0311,Brook Lopez,NBA,24.32,23.83,0,0.02,4.5100,4.3500,6.1500,
$50 NBA Daily 8/20,2020-08-20T22:12:28.418129,estk_f5eb165987fe0311663b3162753394ed,evt_f5eb165987fe0311,Terrence Ross,NBA,20.77,20.35,0,0.02,3.7800,3.6500,5.3100,
$50 NBA Daily 8/20,2020-08-20T22:12:28.418133,estk_f5eb165987fe0311828daf68b6f4025d,evt_f5eb165987fe0311,George Hill,NBA,19.66,19.27,0,0.02,3.6300,3.4700,5.1400,
$50 NBA Daily 8/20,2020-08-20T22:12:28.418137,estk_f5eb165987fe03115684a141296027b3,evt_f5eb165987fe0311,James Ennis,NBA,19.26,20.12,1.25,0.02,3.5300,3.4100,5.0200,
$50 NBA Daily 8/20,2020-08-20T22:12:28.418145,estk_f5eb165987fe03117d8f05cf2dd6dbea,evt_f5eb165987fe0311,D.J. Augustin,NBA,17.97,17.61,0,0.02,3.3000,3.1800,4.8500,
$50 NBA Daily 8/20,2020-08-20T22:12:28.418156,estk_f5eb165987fe03119076cef21a11902c,evt_f5eb165987fe0311,Donte DiVincenzo,NBA,15.85,15.53,0,0.02,2.9600,2.8900,4.5200,
$50 NBA Daily 8/20,2020-08-20T22:12:28.418159,estk_f5eb165987fe0311b349a48e189ba3d0,evt_f5eb165987fe0311,Pat Connaughton,NBA,15.68,15.37,0,0.02,2.9600,2.8300,4.5000,
$50 NBA Daily 8/20,2020-08-20T22:12:28.418166,estk_f5eb165987fe0311f16014e0a040fe5b,evt_f5eb165987fe0311,Wesley Matthews,NBA,14.75,14.46,0,0.02,2.8200,2.7100,4.4000,
$50 NBA Daily 8/20,2020-08-20T22:12:28.418177,estk_f5eb165987fe031134e281c85e12c538,evt_f5eb165987fe0311,Khem Birch,NBA,13.28,13.01,0,0.02,2.6300,2.5300,4.1400,
$50 NBA Daily 8/20,2020-08-20T22:12:28.418188,estk_f5eb165987fe031155086ea38656fe99,evt_f5eb165987fe0311,Aaron Gordon,NBA,0,0,0,0.02,1.0000,3.4000,2.5200,
$50 NBA Daily 8/20,2020-08-20T22:13:29.141178,estk_f5eb165987fe031112d0c14aa5dfd232,evt_f5eb165987fe0311,Giannis Antetokounmpo,NBA,54.49,58.77,7,0.05,15.8700,7.1200,16.2800,11.2600
$50 NBA Daily 8/20,2020-08-20T22:13:29.141192,estk_f5eb165987fe0311f6c7d554d2fa9f75,evt_f5eb165987fe0311,Nikola Vucevic,NBA,43.84,42.4,0.75,0.05,10.0200,7.0300,12.0500,8.5800
$50 NBA Daily 8/20,2020-08-20T22:13:29.141203,estk_f5eb165987fe0311f2604b3c6ec43ff2,evt_f5eb165987fe0311,Khris Middleton,NBA,32.67,31.54,0.5,0.05,6.2800,6.0700,8.3300,5.2000
$50 NBA Daily 8/20,2020-08-20T22:13:29.141211,estk_f5eb165987fe031158d79b9f2662f624,evt_f5eb165987fe0311,Evan Fournier,NBA,26.48,25.91,0.75,0.05,4.9500,4.7900,6.6000,6.1000
$50 NBA Daily 8/20,2020-08-20T22:13:29.141222,estk_f5eb165987fe031104749763bd15faac,evt_f5eb165987fe0311,Eric Bledsoe,NBA,25.55,23.77,-0.5,0.05,4.6500,4.5800,6.4100,4.1900
$50 NBA Daily 8/20,2020-08-20T22:13:29.141226,estk_f5eb165987fe0311806121a64c461e99,evt_f5eb165987fe0311,Brook Lopez,NBA,24.32,27.1,4,0.05,4.4200,4.3500,6.1500,5.6500
$50 NBA Daily 8/20,2020-08-20T22:13:29.141230,estk_f5eb165987fe0311f95aa87cc77383be,evt_f5eb165987fe0311,Markelle Fultz,NBA,23.95,22.25,-0.5,0.05,4.2500,4.2500,6.0000,5.5000
$50 NBA Daily 8/20,2020-08-20T22:13:29.141234,estk_f5eb165987fe03115684a141296027b3,evt_f5eb165987fe0311,James Ennis,NBA,19.26,20.3,2,0.05,3.7100,3.4100,5.0200,4.5200
$50 NBA Daily 8/20,2020-08-20T22:13:29.141237,estk_f5eb165987fe0311663b3162753394ed,evt_f5eb165987fe0311,Terrence Ross,NBA,20.77,19.73,0,0.05,3.6900,3.6500,5.3100,2.2000
$50 NBA Daily 8/20,2020-08-20T22:13:29.141241,estk_f5eb165987fe0311828daf68b6f4025d,evt_f5eb165987fe0311,George Hill,NBA,19.66,18.68,0,0.05,3.5200,3.4700,5.1400,2.9300
$50 NBA Daily 8/20,2020-08-20T22:13:29.141256,estk_f5eb165987fe03117d8f05cf2dd6dbea,evt_f5eb165987fe0311,D.J. Augustin,NBA,17.97,17.07,0,0.05,3.2000,3.1800,4.8500,2.2000
$50 NBA Daily 8/20,2020-08-20T22:13:29.141263,estk_f5eb165987fe03119076cef21a11902c,evt_f5eb165987fe0311,Donte DiVincenzo,NBA,15.85,15.06,0,0.05,2.9000,2.8900,4.5200,2.0600
$50 NBA Daily 8/20,2020-08-20T22:13:29.141267,estk_f5eb165987fe0311b349a48e189ba3d0,evt_f5eb165987fe0311,Pat Connaughton,NBA,15.68,14.9,0,0.05,2.8900,2.8300,4.5000,3.1400
$50 NBA Daily 8/20,2020-08-20T22:13:29.141270,estk_f5eb165987fe0311f16014e0a040fe5b,evt_f5eb165987fe0311,Wesley Matthews,NBA,14.75,13.51,-0.5,0.05,2.7400,2.7100,4.4000,2.2000
$50 NBA Daily 8/20,2020-08-20T22:13:29.141288,estk_f5eb165987fe031134e281c85e12c538,evt_f5eb165987fe0311,Khem Birch,NBA,13.28,12.62,0,0.05,2.5500,2.5300,4.1400,3.1400
$50 NBA Daily 8/20,2020-08-20T22:13:29.141292,estk_f5eb165987fe031155086ea38656fe99,evt_f5eb165987fe0311,Aaron Gordon,NBA,0,0,0,0.05,1.0000,3.4000,2.5200,2.0200
$50 NBA Daily 8/20,2020-08-20T22:13:59.194007,estk_f5eb165987fe031112d0c14aa5dfd232,evt_f5eb165987fe0311,Giannis Antetokounmpo,NBA,54.49,58.77,7,0.05,15.8700,7.1200,16.2800,14.0500
$50 NBA Daily 8/20,2020-08-20T22:13:59.194023,estk_f5eb165987fe0311f6c7d554d2fa9f75,evt_f5eb165987fe0311,Nikola Vucevic,NBA,43.84,42.4,0.75,0.05,10.0200,7.0300,12.0500,8.5800
$50 NBA Daily 8/20,2020-08-20T22:13:59.194035,estk_f5eb165987fe0311f2604b3c6ec43ff2,evt_f5eb165987fe0311,Khris Middleton,NBA,32.67,31.54,0.5,0.05,6.2800,6.0700,8.3300,5.2000
$50 NBA Daily 8/20,2020-08-20T22:13:59.194044,estk_f5eb165987fe031158d79b9f2662f624,evt_f5eb165987fe0311,Evan Fournier,NBA,26.48,25.91,0.75,0.05,4.9500,4.7900,6.6000,3.4500
$50 NBA Daily 8/20,2020-08-20T22:13:59.194057,estk_f5eb165987fe031104749763bd15faac,evt_f5eb165987fe0311,Eric Bledsoe,NBA,25.55,23.77,-0.5,0.05,4.6500,4.5800,6.4100,3.2400
$50 NBA Daily 8/20,2020-08-20T22:13:59.194061,estk_f5eb165987fe0311806121a64c461e99,evt_f5eb165987fe0311,Brook Lopez,NBA,24.32,27.1,4,0.05,4.4200,4.3500,6.1500,2.9200
$50 NBA Daily 8/20,2020-08-20T22:13:59.194066,estk_f5eb165987fe0311f95aa87cc77383be,evt_f5eb165987fe0311,Markelle Fultz,NBA,23.95,22.25,-0.5,0.05,4.2500,4.2500,6.0000,3.1400
$50 NBA Daily 8/20,2020-08-20T22:13:59.194070,estk_f5eb165987fe03115684a141296027b3,evt_f5eb165987fe0311,James Ennis,NBA,19.26,20.3,2,0.05,3.7100,3.4100,5.0200,2.2000
$50 NBA Daily 8/20,2020-08-20T22:13:59.194075,estk_f5eb165987fe0311663b3162753394ed,evt_f5eb165987fe0311,Terrence Ross,NBA,20.77,19.73,0,0.05,3.6900,3.6500,5.3100,2.2000
$50 NBA Daily 8/20,2020-08-20T22:13:59.194079,estk_f5eb165987fe0311828daf68b6f4025d,evt_f5eb165987fe0311,George Hill,NBA,19.66,18.68,0,0.05,3.5200,3.4700,5.1400,2.2000
$50 NBA Daily 8/20,2020-08-20T22:13:59.194095,estk_f5eb165987fe03117d8f05cf2dd6dbea,evt_f5eb165987fe0311,D.J. Augustin,NBA,17.97,17.07,0,0.05,3.2000,3.1800,4.8500,2.2000
$50 NBA Daily 8/20,2020-08-20T22:13:59.194102,estk_f5eb165987fe03119076cef21a11902c,evt_f5eb165987fe0311,Donte DiVincenzo,NBA,15.85,15.06,0,0.05,2.9000,2.8900,4.5200,2.0600
$50 NBA Daily 8/20,2020-08-20T22:13:59.194106,estk_f5eb165987fe0311b349a48e189ba3d0,evt_f5eb165987fe0311,Pat Connaughton,NBA,15.68,14.9,0,0.05,2.8900,2.8300,4.5000,1.4000
$50 NBA Daily 8/20,2020-08-20T22:13:59.194110,estk_f5eb165987fe0311f16014e0a040fe5b,evt_f5eb165987fe0311,Wesley Matthews,NBA,14.75,13.51,-0.5,0.05,2.7400,2.7100,4.4000,1.7300
$50 NBA Daily 8/20,2020-08-20T22:13:59.194130,estk_f5eb165987fe031134e281c85e12c538,evt_f5eb165987fe0311,Khem Birch,NBA,13.28,12.62,0,0.05,2.5500,2.5300,4.1400,2.2000
$50 NBA Daily 8/20,2020-08-20T22:13:59.194134,estk_f5eb165987fe031155086ea38656fe99,evt_f5eb165987fe0311,Aaron Gordon,NBA,0,0,0,0.05,1.0000,3.4000,2.5200,
$50 NBA Daily 8/20,2020-08-20T22:14:59.841926,estk_f5eb165987fe031112d0c14aa5dfd232,evt_f5eb165987fe0311,Giannis Antetokounmpo,NBA,54.49,58.22,7,0.06,16.3600,7.1200,17.6900,14.5300
$50 NBA Daily 8/20,2020-08-20T22:14:59.841969,estk_f5eb165987fe0311f6c7d554d2fa9f75,evt_f5eb165987fe0311,Nikola Vucevic,NBA,43.84,41.96,0.75,0.06,9.8900,7.0300,12.0500,8.5800
$50 NBA Daily 8/20,2020-08-20T22:14:59.841981,estk_f5eb165987fe0311f2604b3c6ec43ff2,evt_f5eb165987fe0311,Khris Middleton,NBA,32.67,31.21,0.5,0.06,6.3200,6.0700,8.3300,5.2000
$50 NBA Daily 8/20,2020-08-20T22:14:59.841989,estk_f5eb165987fe0311806121a64c461e99,evt_f5eb165987fe0311,Brook Lopez,NBA,24.32,26.86,4,0.06,5.0900,4.3500,6.1500,3.4900
$50 NBA Daily 8/20,2020-08-20T22:14:59.841994,estk_f5eb165987fe031158d79b9f2662f624,evt_f5eb165987fe0311,Evan Fournier,NBA,26.48,25.64,0.75,0.06,4.9200,4.7900,6.6000,3.4500
$50 NBA Daily 8/20,2020-08-20T22:14:59.842006,estk_f5eb165987fe031104749763bd15faac,evt_f5eb165987fe0311,Eric Bledsoe,NBA,25.55,23.52,-0.5,0.06,4.3700,4.5800,6.4100,3.2400
$50 NBA Daily 8/20,2020-08-20T22:14:59.842010,estk_f5eb165987fe0311f95aa87cc77383be,evt_f5eb165987fe0311,Markelle Fultz,NBA,23.95,23.51,1,0.06,4.0400,4.2500,6.0000,3.1400
$50 NBA Daily 8/20,2020-08-20T22:14:59.842014,estk_f5eb165987fe03115684a141296027b3,evt_f5eb165987fe0311,James Ennis,NBA,19.26,20.1,2,0.06,3.6200,3.4100,5.0200,2.2000
$50 NBA Daily 8/20,2020-08-20T22:14:59.842019,estk_f5eb165987fe0311663b3162753394ed,evt_f5eb165987fe0311,Terrence Ross,NBA,20.77,19.52,0,0.06,3.5400,3.6500,5.3100,2.2000
$50 NBA Daily 8/20,2020-08-20T22:14:59.842027,estk_f5eb165987fe0311828daf68b6f4025d,evt_f5eb165987fe0311,George Hill,NBA,19.66,18.48,0,0.06,3.3700,3.4700,5.1400,2.2000
$50 NBA Daily 8/20,2020-08-20T22:14:59.842038,estk_f5eb165987fe03117d8f05cf2dd6dbea,evt_f5eb165987fe0311,D.J. Augustin,NBA,17.97,16.89,0,0.06,3.0800,3.1800,4.8500,2.2000
$50 NBA Daily 8/20,2020-08-20T22:14:59.842046,estk_f5eb165987fe03119076cef21a11902c,evt_f5eb165987fe0311,Donte DiVincenzo,NBA,15.85,14.9,0,0.06,2.8100,2.8900,4.5200,1.4000
$50 NBA Daily 8/20,2020-08-20T22:14:59.842049,estk_f5eb165987fe0311b349a48e189ba3d0,evt_f5eb165987fe0311,Pat Connaughton,NBA,15.68,14.74,0,0.06,2.7800,2.8300,4.5000,1.4000
$50 NBA Daily 8/20,2020-08-20T22:14:59.842065,estk_f5eb165987fe0311f16014e0a040fe5b,evt_f5eb165987fe0311,Wesley Matthews,NBA,14.75,13.36,-0.5,0.06,2.6200,2.7100,4.4000,1.7300
$50 NBA Daily 8/20,2020-08-20T22:14:59.842072,estk_f5eb165987fe031134e281c85e12c538,evt_f5eb165987fe0311,Khem Birch,NBA,13.28,12.48,0,0.06,2.4800,2.5300,4.1400,
$50 NBA Daily 8/20,2020-08-20T22:14:59.842076,estk_f5eb165987fe031155086ea38656fe99,evt_f5eb165987fe0311,Aaron Gordon,NBA,0,0,0,0.06,1.0000,3.4000,2.5200,
$50 NBA Daily 8/20,2020-08-20T22:15:00.431869,estk_f5eb165987fe031112d0c14aa5dfd232,evt_f5eb165987fe0311,Giannis Antetokounmpo,NBA,54.49,58.22,7,0.06,16.3600,7.1200,17.6900,14.5300
$50 NBA Daily 8/20,2020-08-20T22:15:00.431912,estk_f5eb165987fe0311f6c7d554d2fa9f75,evt_f5eb165987fe0311,Nikola Vucevic,NBA,43.84,41.96,0.75,0.06,9.8900,7.0300,12.0500,8.5800
$50 NBA Daily 8/20,2020-08-20T22:15:00.431923,estk_f5eb165987fe0311f2604b3c6ec43ff2,evt_f5eb165987fe0311,Khris Middleton,NBA,32.67,31.21,0.5,0.06,6.3200,6.0700,8.3300,5.2000
$50 NBA Daily 8/20,2020-08-20T22:15:00.431931,estk_f5eb165987fe0311806121a64c461e99,evt_f5eb165987fe0311,Brook Lopez,NBA,24.32,26.86,4,0.06,5.0900,4.3500,6.1500,3.4900
$50 NBA Daily 8/20,2020-08-20T22:15:00.431935,estk_f5eb165987fe031158d79b9f2662f624,evt_f5eb165987fe0311,Evan Fournier,NBA,26.48,25.64,0.75,0.06,4.9200,4.7900,6.6000,3.4500
$50 NBA Daily 8/20,2020-08-20T22:15:00.431947,estk_f5eb165987fe031104749763bd15faac,evt_f5eb165987fe0311,Eric Bledsoe,NBA,25.55,23.52,-0.5,0.06,4.3700,4.5800,6.4100,3.2400
$50 NBA Daily 8/20,2020-08-20T22:15:00.431950,estk_f5eb165987fe0311f95aa87cc77383be,evt_f5eb165987fe0311,Markelle Fultz,NBA,23.95,23.51,1,0.06,4.0400,4.2500,6.0000,3.1400
$50 NBA Daily 8/20,2020-08-20T22:15:00.431954,estk_f5eb165987fe03115684a141296027b3,evt_f5eb165987fe0311,James Ennis,NBA,19.26,20.1,2,0.06,3.6200,3.4100,5.0200,2.2000
$50 NBA Daily 8/20,2020-08-20T22:15:00.431958,estk_f5eb165987fe0311663b3162753394ed,evt_f5eb165987fe0311,Terrence Ross,NBA,20.77,19.52,0,0.06,3.5400,3.6500,5.3100,2.2000
$50 NBA Daily 8/20,2020-08-20T22:15:00.431966,estk_f5eb165987fe0311828daf68b6f4025d,evt_f5eb165987fe0311,George Hill,NBA,19.66,18.48,0,0.06,3.3700,3.4700,5.1400,2.2000
$50 NBA Daily 8/20,2020-08-20T22:15:00.431977,estk_f5eb165987fe03117d8f05cf2dd6dbea,evt_f5eb165987fe0311,D.J. Augustin,NBA,17.97,16.89,0,0.06,3.0800,3.1800,4.8500,2.2000
$50 NBA Daily 8/20,2020-08-20T22:15:00.431984,estk_f5eb165987fe03119076cef21a11902c,evt_f5eb165987fe0311,Donte DiVincenzo,NBA,15.85,14.9,0,0.06,2.8100,2.8900,4.5200,1.4000
$50 NBA Daily 8/20,2020-08-20T22:15:00.431988,estk_f5eb165987fe0311b349a48e189ba3d0,evt_f5eb165987fe0311,Pat Connaughton,NBA,15.68,14.74,0,0.06,2.7800,2.8300,4.5000,1.4000
$50 NBA Daily 8/20,2020-08-20T22:15:00.432009,estk_f5eb165987fe0311f16014e0a040fe5b,evt_f5eb165987fe0311,Wesley Matthews,NBA,14.75,13.36,-0.5,0.06,2.6200,2.7100,4.4000,1.7300
$50 NBA Daily 8/20,2020-08-20T22:15:00.432016,estk_f5eb165987fe031134e281c85e12c538,evt_f5eb165987fe0311,Khem Birch,NBA,13.28,12.48,0,0.06,2.4800,2.5300,4.1400,
$50 NBA Daily 8/20,2020-08-20T22:15:00.432020,estk_f5eb165987fe031155086ea38656fe99,evt_f5eb165987fe0311,Aaron Gordon,NBA,0,0,0,0.06,1.0000,3.4000,2.5200,
$50 NBA Daily 8/20,2020-08-20T22:15:30.169204,estk_f5eb165987fe031112d0c14aa5dfd232,evt_f5eb165987fe0311,Giannis Antetokounmpo,NBA,54.49,57.18,6.5,0.07,16.3600,7.1200,17.6900,14.5300
$50 NBA Daily 8/20,2020-08-20T22:15:30.169246,estk_f5eb165987fe0311f6c7d554d2fa9f75,evt_f5eb165987fe0311,Nikola Vucevic,NBA,43.84,45.52,4.75,0.07,9.8900,7.0300,12.0500,8.5800
$50 NBA Daily 8/20,2020-08-20T22:15:30.169258,estk_f5eb165987fe0311f2604b3c6ec43ff2,evt_f5eb165987fe0311,Khris Middleton,NBA,32.67,30.88,0.5,0.07,6.3200,6.0700,8.3300,5.2000
$50 NBA Daily 8/20,2020-08-20T22:15:30.169266,estk_f5eb165987fe0311806121a64c461e99,evt_f5eb165987fe0311,Brook Lopez,NBA,24.32,26.62,4,0.07,5.0900,4.3500,6.6900,3.4900
$50 NBA Daily 8/20,2020-08-20T22:15:30.169270,estk_f5eb165987fe031158d79b9f2662f624,evt_f5eb165987fe0311,Evan Fournier,NBA,26.48,26.88,2.25,0.07,4.9200,4.7900,6.6000,3.4500
$50 NBA Daily 8/20,2020-08-20T22:15:30.169282,estk_f5eb165987fe031104749763bd15faac,evt_f5eb165987fe0311,Eric Bledsoe,NBA,25.55,22.76,-1,0.07,4.3700,4.5800,6.4100,3.2400
$50 NBA Daily 8/20,2020-08-20T22:15:30.169286,estk_f5eb165987fe0311f95aa87cc77383be,evt_f5eb165987fe0311,Markelle Fultz,NBA,23.95,22.77,0.5,0.07,4.0400,4.2500,6.0000,3.1400
$50 NBA Daily 8/20,2020-08-20T22:15:30.169290,estk_f5eb165987fe03115684a141296027b3,evt_f5eb165987fe0311,James Ennis,NBA,19.26,22.66,4.75,0.07,3.6200,3.4100,5.0200,2.2000
$50 NBA Daily 8/20,2020-08-20T22:15:30.169295,estk_f5eb165987fe0311663b3162753394ed,evt_f5eb165987fe0311,Terrence Ross,NBA,20.77,19.32,0,0.07,3.5400,3.6500,5.3100,2.2000
$50 NBA Daily 8/20,2020-08-20T22:15:30.169303,estk_f5eb165987fe0311828daf68b6f4025d,evt_f5eb165987fe0311,George Hill,NBA,19.66,18.28,0,0.07,3.3700,3.4700,5.1400,2.2000
$50 NBA Daily 8/20,2020-08-20T22:15:30.169318,estk_f5eb165987fe03117d8f05cf2dd6dbea,evt_f5eb165987fe0311,D.J. Augustin,NBA,17.97,16.71,0,0.07,3.0800,3.1800,4.8500,2.2000
$50 NBA Daily 8/20,2020-08-20T22:15:30.169326,estk_f5eb165987fe03119076cef21a11902c,evt_f5eb165987fe0311,Donte DiVincenzo,NBA,15.85,14.74,0,0.07,2.8100,2.8900,4.5200,1.4000
$50 NBA Daily 8/20,2020-08-20T22:15:30.169330,estk_f5eb165987fe0311b349a48e189ba3d0,evt_f5eb165987fe0311,Pat Connaughton,NBA,15.68,14.58,0,0.07,2.7800,2.8300,4.5000,1.4000
$50 NBA Daily 8/20,2020-08-20T22:15:30.169345,estk_f5eb165987fe0311f16014e0a040fe5b,evt_f5eb165987fe0311,Wesley Matthews,NBA,14.75,13.22,-0.5,0.07,2.6200,2.7100,4.4000,1.7300
$50 NBA Daily 8/20,2020-08-20T22:15:30.169352,estk_f5eb165987fe031134e281c85e12c538,evt_f5eb165987fe0311,Khem Birch,NBA,13.28,12.35,0,0.07,2.4800,2.5300,4.1400,
$50 NBA Daily 8/20,2020-08-20T22:15:30.169356,estk_f5eb165987fe031155086ea38656fe99,evt_f5eb165987fe0311,Aaron Gordon,NBA,0,0,0,0.07,1.0000,3.4000,2.5200,
$50 NBA Daily 8/20,2020-08-20T22:15:30.752090,estk_f5eb165987fe031112d0c14aa5dfd232,evt_f5eb165987fe0311,Giannis Antetokounmpo,NBA,54.49,57.18,6.5,0.07,16.3600,7.1200,17.6900,14.5300
$50 NBA Daily 8/20,2020-08-20T22:15:30.752132,estk_f5eb165987fe0311f6c7d554d2fa9f75,evt_f5eb165987fe0311,Nikola Vucevic,NBA,43.84,45.52,4.75,0.07,9.8900,7.0300,12.0500,8.5800
$50 NBA Daily 8/20,2020-08-20T22:15:30.752144,estk_f5eb165987fe0311f2604b3c6ec43ff2,evt_f5eb165987fe0311,Khris Middleton,NBA,32.67,30.88,0.5,0.07,6.3200,6.0700,8.3300,5.2000
$50 NBA Daily 8/20,2020-08-20T22:15:30.752151,estk_f5eb165987fe0311806121a64c461e99,evt_f5eb165987fe0311,Brook Lopez,NBA,24.32,26.62,4,0.07,5.0900,4.3500,6.6900,3.4900
$50 NBA Daily 8/20,2020-08-20T22:15:30.752155,estk_f5eb165987fe031158d79b9f2662f624,evt_f5eb165987fe0311,Evan Fournier,NBA,26.48,26.88,2.25,0.07,4.9200,4.7900,6.6000,3.4500
$50 NBA Daily 8/20,2020-08-20T22:15:30.752167,estk_f5eb165987fe031104749763bd15faac,evt_f5eb165987fe0311,Eric Bledsoe,NBA,25.55,22.76,-1,0.07,4.3700,4.5800,6.4100,3.2400
$50 NBA Daily 8/20,2020-08-20T22:15:30.752170,estk_f5eb165987fe0311f95aa87cc77383be,evt_f5eb165987fe0311,Markelle Fultz,NBA,23.95,22.77,0.5,0.07,4.0400,4.2500,6.0000,3.1400
$50 NBA Daily 8/20,2020-08-20T22:15:30.752174,estk_f5eb165987fe03115684a141296027b3,evt_f5eb165987fe0311,James Ennis,NBA,19.26,22.66,4.75,0.07,3.6200,3.4100,5.0200,2.2000
$50 NBA Daily 8/20,2020-08-20T22:15:30.752178,estk_f5eb165987fe0311663b3162753394ed,evt_f5eb165987fe0311,Terrence Ross,NBA,20.77,19.32,0,0.07,3.5400,3.6500,5.3100,2.2000
$50 NBA Daily 8/20,2020-08-20T22:15:30.752186,estk_f5eb165987fe0311828daf68b6f4025d,evt_f5eb165987fe0311,George Hill,NBA,19.66,18.28,0,0.07,3.3700,3.4700,5.1400,2.2000
$50 NBA Daily 8/20,2020-08-20T22:15:30.752197,estk_f5eb165987fe03117d8f05cf2dd6dbea,evt_f5eb165987fe0311,D.J. Augustin,NBA,17.97,16.71,0,0.07,3.0800,3.1800,4.8500,2.2000
$50 NBA Daily 8/20,2020-08-20T22:15:30.752204,estk_f5eb165987fe03119076cef21a11902c,evt_f5eb165987fe0311,Donte DiVincenzo,NBA,15.85,14.74,0,0.07,2.8100,2.8900,4.5200,1.4000
$50 NBA Daily 8/20,2020-08-20T22:15:30.752208,estk_f5eb165987fe0311b349a48e189ba3d0,evt_f5eb165987fe0311,Pat Connaughton,NBA,15.68,14.58,0,0.07,2.7800,2.8300,4.5000,1.4000
$50 NBA Daily 8/20,2020-08-20T22:15:30.752222,estk_f5eb165987fe0311f16014e0a040fe5b,evt_f5eb165987fe0311,Wesley Matthews,NBA,14.75,13.22,-0.5,0.07,2.6200,2.7100,4.4000,1.7300
$50 NBA Daily 8/20,2020-08-20T22:15:30.752229,estk_f5eb165987fe031134e281c85e12c538,evt_f5eb165987fe0311,Khem Birch,NBA,13.28,12.35,0,0.07,2.4800,2.5300,4.1400,
$50 NBA Daily 8/20,2020-08-20T22:15:30.752233,estk_f5eb165987fe031155086ea38656fe99,evt_f5eb165987fe0311,Aaron Gordon,NBA,0,0,0,0.07,1.0000,3.4000,2.5200,
$50 NBA Daily 8/20,2020-08-20T22:16:31.417215,estk_f5eb165987fe031112d0c14aa5dfd232,evt_f5eb165987fe0311,Giannis Antetokounmpo,NBA,54.49,59.88,9.75,0.08,15.6700,7.1200,17.6900,14.5300
$50 NBA Daily 8/20,2020-08-20T22:16:31.417230,estk_f5eb165987fe0311f6c7d554d2fa9f75,evt_f5eb165987fe0311,Nikola Vucevic,NBA,43.84,45.08,4.75,0.08,11.1400,7.0300,12.0500,8.5800
$50 NBA Daily 8/20,2020-08-20T22:16:31.417241,estk_f5eb165987fe0311f2604b3c6ec43ff2,evt_f5eb165987fe0311,Khris Middleton,NBA,32.67,30.56,0.5,0.08,6.0400,6.0700,8.3300,5.2000
$50 NBA Daily 8/20,2020-08-20T22:16:31.417249,estk_f5eb165987fe031158d79b9f2662f624,evt_f5eb165987fe0311,Evan Fournier,NBA,26.48,26.11,1.75,0.08,5.0200,4.7900,6.6000,3.5000
$50 NBA Daily 8/20,2020-08-20T22:16:31.417253,estk_f5eb165987fe0311806121a64c461e99,evt_f5eb165987fe0311,Brook Lopez,NBA,24.32,29.87,7.5,0.08,4.9300,4.3500,6.6500,3.4900
$50 NBA Daily 8/20,2020-08-20T22:16:31.417265,estk_f5eb165987fe0311f95aa87cc77383be,evt_f5eb165987fe0311,Markelle Fultz,NBA,23.95,23.03,1,0.08,4.1200,4.2500,6.0000,3.1400
$50 NBA Daily 8/20,2020-08-20T22:16:31.417269,estk_f5eb165987fe03115684a141296027b3,evt_f5eb165987fe0311,James Ennis,NBA,19.26,21.97,4.25,0.08,4.0800,3.4100,5.0200,2.4500
$50 NBA Daily 8/20,2020-08-20T22:16:31.417272,estk_f5eb165987fe031104749763bd15faac,evt_f5eb165987fe0311,Eric Bledsoe,NBA,25.55,24.01,0.5,0.08,4.0000,4.5800,6.4100,3.2400
$50 NBA Daily 8/20,2020-08-20T22:16:31.417276,estk_f5eb165987fe0311663b3162753394ed,evt_f5eb165987fe0311,Terrence Ross,NBA,20.77,19.11,0,0.08,3.4200,3.6500,5.3100,2.2000
$50 NBA Daily 8/20,2020-08-20T22:16:31.417287,estk_f5eb165987fe0311828daf68b6f4025d,evt_f5eb165987fe0311,George Hill,NBA,19.66,18.09,0,0.08,3.2400,3.4700,5.1400,2.2000
$50 NBA Daily 8/20,2020-08-20T22:16:31.417294,estk_f5eb165987fe03117d8f05cf2dd6dbea,evt_f5eb165987fe0311,D.J. Augustin,NBA,17.97,16.53,0,0.08,3.0200,3.1800,4.8500,2.2000
$50 NBA Daily 8/20,2020-08-20T22:16:31.417309,estk_f5eb165987fe03119076cef21a11902c,evt_f5eb165987fe0311,Donte DiVincenzo,NBA,15.85,14.58,0,0.08,2.7000,2.8900,4.5200,1.4000
$50 NBA Daily 8/20,2020-08-20T22:16:31.417312,estk_f5eb165987fe0311b349a48e189ba3d0,evt_f5eb165987fe0311,Pat Connaughton,NBA,15.68,14.43,0,0.08,2.6900,2.8300,4.5000,1.4000
$50 NBA Daily 8/20,2020-08-20T22:16:31.417323,estk_f5eb165987fe0311f16014e0a040fe5b,evt_f5eb165987fe0311,Wesley Matthews,NBA,14.75,13.07,-0.5,0.08,2.5100,2.7100,4.4000,1.7300
$50 NBA Daily 8/20,2020-08-20T22:16:31.417327,estk_f5eb165987fe031134e281c85e12c538,evt_f5eb165987fe0311,Khem Birch,NBA,13.28,12.22,0,0.08,2.4300,2.5300,4.1400,
$50 NBA Daily 8/20,2020-08-20T22:16:31.417331,estk_f5eb165987fe031155086ea38656fe99,evt_f5eb165987fe0311,Aaron Gordon,NBA,0,0,0,0.08,1.0000,3.4000,2.5200,
$50 NBA Daily 8/20,2020-08-20T22:17:01.070011,estk_f5eb165987fe031112d0c14aa5dfd232,evt_f5eb165987fe0311,Giannis Antetokounmpo,NBA,54.49,59.88,9.75,0.08,15.6700,7.1200,17.4800,14.5300
$50 NBA Daily 8/20,2020-08-20T22:17:01.070026,estk_f5eb165987fe0311f6c7d554d2fa9f75,evt_f5eb165987fe0311,Nikola Vucevic,NBA,43.84,45.08,4.75,0.08,11.1400,7.0300,12.8600,9.4200
$50 NBA Daily 8/20,2020-08-20T22:17:01.070039,estk_f5eb165987fe0311f2604b3c6ec43ff2,evt_f5eb165987fe0311,Khris Middleton,NBA,32.67,30.56,0.5,0.08,6.0400,6.0700,,4.9800
$50 NBA Daily 8/20,2020-08-20T22:17:01.070047,estk_f5eb165987fe031158d79b9f2662f624,evt_f5eb165987fe0311,Evan Fournier,NBA,26.48,26.11,1.75,0.08,5.0200,4.7900,6.6000,3.5000
$50 NBA Daily 8/20,2020-08-20T22:17:01.070051,estk_f5eb165987fe0311806121a64c461e99,evt_f5eb165987fe0311,Brook Lopez,NBA,24.32,29.87,7.5,0.08,4.9300,4.3500,6.6500,3.4900
$50 NBA Daily 8/20,2020-08-20T22:17:01.070063,estk_f5eb165987fe0311f95aa87cc77383be,evt_f5eb165987fe0311,Markelle Fultz,NBA,23.95,23.03,1,0.08,4.1200,4.2500,6.0000,3.1400
$50 NBA Daily 8/20,2020-08-20T22:17:01.070068,estk_f5eb165987fe03115684a141296027b3,evt_f5eb165987fe0311,James Ennis,NBA,19.26,21.97,4.25,0.08,4.0800,3.4100,5.6600,2.5000
$50 NBA Daily 8/20,2020-08-20T22:17:01.070072,estk_f5eb165987fe031104749763bd15faac,evt_f5eb165987fe0311,Eric Bledsoe,NBA,25.55,24.01,0.5,0.08,4.0000,4.5800,5.5800,3.0600
$50 NBA Daily 8/20,2020-08-20T22:17:01.070076,estk_f5eb165987fe0311663b3162753394ed,evt_f5eb165987fe0311,Terrence Ross,NBA,20.77,19.11,0,0.08,3.4200,3.6500,5.3100,2.2000
$50 NBA Daily 8/20,2020-08-20T22:17:01.070088,estk_f5eb165987fe0311828daf68b6f4025d,evt_f5eb165987fe0311,George Hill,NBA,19.66,18.09,0,0.08,3.2400,3.4700,5.1400,2.2000
$50 NBA Daily 8/20,2020-08-20T22:17:01.070096,estk_f5eb165987fe03117d8f05cf2dd6dbea,evt_f5eb165987fe0311,D.J. Augustin,NBA,17.97,16.53,0,0.08,3.0200,3.1800,4.8500,2.2000
$50 NBA Daily 8/20,2020-08-20T22:17:01.070111,estk_f5eb165987fe03119076cef21a11902c,evt_f5eb165987fe0311,Donte DiVincenzo,NBA,15.85,14.58,0,0.08,2.7000,2.8900,4.5200,1.4000
$50 NBA Daily 8/20,2020-08-20T22:17:01.070115,estk_f5eb165987fe0311b349a48e189ba3d0,evt_f5eb165987fe0311,Pat Connaughton,NBA,15.68,14.43,0,0.08,2.6900,2.8300,4.5000,1.4000
$50 NBA Daily 8/20,2020-08-20T22:17:01.070127,estk_f5eb165987fe0311f16014e0a040fe5b,evt_f5eb165987fe0311,Wesley Matthews,NBA,14.75,13.07,-0.5,0.08,2.5100,2.7100,4.4000,1.4000
$50 NBA Daily 8/20,2020-08-20T22:17:01.070130,estk_f5eb165987fe031134e281c85e12c538,evt_f5eb165987fe0311,Khem Birch,NBA,13.28,12.22,0,0.08,2.4300,2.5300,4.1400,
$50 NBA Daily 8/20,2020-08-20T22:17:01.070134,estk_f5eb165987fe031155086ea38656fe99,evt_f5eb165987fe0311,Aaron Gordon,NBA,0,0,0,0.08,1.0000,3.4000,2.5200,
$50 NBA Daily 8/20,2020-08-20T22:19:02.414080,estk_f5eb165987fe031112d0c14aa5dfd232,evt_f5eb165987fe0311,Giannis Antetokounmpo,NBA,54.49,59.34,9.75,0.09,16.7400,7.1200,18.5600,14.9100
$50 NBA Daily 8/20,2020-08-20T22:19:02.414124,estk_f5eb165987fe0311f6c7d554d2fa9f75,evt_f5eb165987fe0311,Nikola Vucevic,NBA,43.84,46.64,6.75,0.09,10.7200,7.0300,12.5500,9.4200
$50 NBA Daily 8/20,2020-08-20T22:19:02.414136,estk_f5eb165987fe0311f2604b3c6ec43ff2,evt_f5eb165987fe0311,Khris Middleton,NBA,32.67,30.23,0.5,0.09,5.9000,6.0700,7.5500,4.9800
$50 NBA Daily 8/20,2020-08-20T22:19:02.414143,estk_f5eb165987fe0311806121a64c461e99,evt_f5eb165987fe0311,Brook Lopez,NBA,24.32,29.63,7.5,0.09,5.8400,4.3500,7.3500,4.2200
$50 NBA Daily 8/20,2020-08-20T22:19:02.414152,estk_f5eb165987fe031158d79b9f2662f624,evt_f5eb165987fe0311,Evan Fournier,NBA,26.48,25.85,1.75,0.09,4.7700,4.7900,6.6000,3.5000
$50 NBA Daily 8/20,2020-08-20T22:19:02.414160,estk_f5eb165987fe031104749763bd15faac,evt_f5eb165987fe0311,Eric Bledsoe,NBA,25.55,23.25,0,0.09,4.2700,4.5800,5.5800,3.0600
$50 NBA Daily 8/20,2020-08-20T22:19:02.414164,estk_f5eb165987fe0311f95aa87cc77383be,evt_f5eb165987fe0311,Markelle Fultz,NBA,23.95,22.79,1,0.09,4.0800,4.2500,6.0000,3.1400
$50 NBA Daily 8/20,2020-08-20T22:19:02.414168,estk_f5eb165987fe03115684a141296027b3,evt_f5eb165987fe0311,James Ennis,NBA,19.26,21.78,4.25,0.09,3.8900,3.4100,5.4400,2.5000
$50 NBA Daily 8/20,2020-08-20T22:19:02.414172,estk_f5eb165987fe0311663b3162753394ed,evt_f5eb165987fe0311,Terrence Ross,NBA,20.77,18.9,0,0.09,3.3400,3.6500,4.8700,2.2000
$50 NBA Daily 8/20,2020-08-20T22:19:02.414188,estk_f5eb165987fe0311828daf68b6f4025d,evt_f5eb165987fe0311,George Hill,NBA,19.66,17.89,0,0.09,3.1700,3.4700,5.1400,2.2000
$50 NBA Daily 8/20,2020-08-20T22:19:02.414196,estk_f5eb165987fe03117d8f05cf2dd6dbea,evt_f5eb165987fe0311,D.J. Augustin,NBA,17.97,16.35,0,0.09,2.9700,3.1800,4.8500,1.9600
$50 NBA Daily 8/20,2020-08-20T22:19:02.414208,estk_f5eb165987fe03119076cef21a11902c,evt_f5eb165987fe0311,Donte DiVincenzo,NBA,15.85,14.42,0,0.09,2.6700,2.8900,4.5200,1.4000
$50 NBA Daily 8/20,2020-08-20T22:19:02.414211,estk_f5eb165987fe0311b349a48e189ba3d0,evt_f5eb165987fe0311,Pat Connaughton,NBA,15.68,14.27,0,0.09,2.6700,2.8300,4.5000,1.4000
$50 NBA Daily 8/20,2020-08-20T22:19:02.414223,estk_f5eb165987fe0311f16014e0a040fe5b,evt_f5eb165987fe0311,Wesley Matthews,NBA,14.75,12.92,-0.5,0.09,2.4400,2.7100,4.4000,1.4000
$50 NBA Daily 8/20,2020-08-20T22:19:02.414227,estk_f5eb165987fe031134e281c85e12c538,evt_f5eb165987fe0311,Khem Birch,NBA,13.28,12.08,0,0.09,2.3500,2.5300,4.1400,
$50 NBA Daily 8/20,2020-08-20T22:19:02.414231,estk_f5eb165987fe031155086ea38656fe99,evt_f5eb165987fe0311,Aaron Gordon,NBA,0,0,0,0.09,1.0000,3.4000,2.5200,
$50 NBA Daily 8/20,2020-08-20T22:19:02.973746,estk_f5eb165987fe031112d0c14aa5dfd232,evt_f5eb165987fe0311,Giannis Antetokounmpo,NBA,54.49,59.34,9.75,0.09,16.7400,7.1200,18.5600,14.9100
$50 NBA Daily 8/20,2020-08-20T22:19:02.973788,estk_f5eb165987fe0311f6c7d554d2fa9f75,evt_f5eb165987fe0311,Nikola Vucevic,NBA,43.84,46.64,6.75,0.09,10.7200,7.0300,12.5500,9.4200
$50 NBA Daily 8/20,2020-08-20T22:19:02.973799,estk_f5eb165987fe0311f2604b3c6ec43ff2,evt_f5eb165987fe0311,Khris Middleton,NBA,32.67,30.23,0.5,0.09,5.9000,6.0700,7.5500,4.9800
$50 NBA Daily 8/20,2020-08-20T22:19:02.973807,estk_f5eb165987fe0311806121a64c461e99,evt_f5eb165987fe0311,Brook Lopez,NBA,24.32,29.63,7.5,0.09,5.8400,4.3500,7.3500,4.2200
$50 NBA Daily 8/20,2020-08-20T22:19:02.973815,estk_f5eb165987fe031158d79b9f2662f624,evt_f5eb165987fe0311,Evan Fournier,NBA,26.48,25.85,1.75,0.09,4.7700,4.7900,6.6000,3.5000
$50 NBA Daily 8/20,2020-08-20T22:19:02.973823,estk_f5eb165987fe031104749763bd15faac,evt_f5eb165987fe0311,Eric Bledsoe,NBA,25.55,23.25,0,0.09,4.2700,4.5800,5.5800,3.0600
$50 NBA Daily 8/20,2020-08-20T22:19:02.973827,estk_f5eb165987fe0311f95aa87cc77383be,evt_f5eb165987fe0311,Markelle Fultz,NBA,23.95,22.79,1,0.09,4.0800,4.2500,6.0000,3.1400
$50 NBA Daily 8/20,2020-08-20T22:19:02.973830,estk_f5eb165987fe03115684a141296027b3,evt_f5eb165987fe0311,James Ennis,NBA,19.26,21.78,4.25,0.09,3.8900,3.4100,5.4400,2.5000
$50 NBA Daily 8/20,2020-08-20T22:19:02.973834,estk_f5eb165987fe0311663b3162753394ed,evt_f5eb165987fe0311,Terrence Ross,NBA,20.77,18.9,0,0.09,3.3400,3.6500,4.8700,2.2000
$50 NBA Daily 8/20,2020-08-20T22:19:02.973849,estk_f5eb165987fe0311828daf68b6f4025d,evt_f5eb165987fe0311,George Hill,NBA,19.66,17.89,0,0.09,3.1700,3.4700,5.1400,2.2000
$50 NBA Daily 8/20,2020-08-20T22:19:02.973857,estk_f5eb165987fe03117d8f05cf2dd6dbea,evt_f5eb165987fe0311,D.J. Augustin,NBA,17.97,16.35,0,0.09,2.9700,3.1800,4.8500,1.9600
$50 NBA Daily 8/20,2020-08-20T22:19:02.973868,estk_f5eb165987fe03119076cef21a11902c,evt_f5eb165987fe0311,Donte DiVincenzo,NBA,15.85,14.42,0,0.09,2.6700,2.8900,4.5200,1.4000
$50 NBA Daily 8/20,2020-08-20T22:19:02.973871,estk_f5eb165987fe0311b349a48e189ba3d0,evt_f5eb165987fe0311,Pat Connaughton,NBA,15.68,14.27,0,0.09,2.6700,2.8300,4.5000,1.4000
$50 NBA Daily 8/20,2020-08-20T22:19:02.973883,estk_f5eb165987fe0311f16014e0a040fe5b,evt_f5eb165987fe0311,Wesley Matthews,NBA,14.75,12.92,-0.5,0.09,2.4400,2.7100,4.4000,1.4000
$50 NBA Daily 8/20,2020-08-20T22:19:02.973886,estk_f5eb165987fe031134e281c85e12c538,evt_f5eb165987fe0311,Khem Birch,NBA,13.28,12.08,0,0.09,2.3500,2.5300,4.1400,
$50 NBA Daily 8/20,2020-08-20T22:19:02.973890,estk_f5eb165987fe031155086ea38656fe99,evt_f5eb165987fe0311,Aaron Gordon,NBA,0,0,0,0.09,1.0000,3.4000,2.5200,
$50 NBA Daily 8/20,2020-08-20T22:19:33.263783,estk_f5eb165987fe031112d0c14aa5dfd232,evt_f5eb165987fe0311,Giannis Antetokounmpo,NBA,54.49,63.04,14,0.1,16.5500,7.1200,18.5600,14.9100
$50 NBA Daily 8/20,2020-08-20T22:19:33.263825,estk_f5eb165987fe0311f6c7d554d2fa9f75,evt_f5eb165987fe0311,Nikola Vucevic,NBA,43.84,45.71,6.25,0.1,11.4100,7.0300,12.5500,9.4200
$50 NBA Daily 8/20,2020-08-20T22:19:33.263846,estk_f5eb165987fe0311f2604b3c6ec43ff2,evt_f5eb165987fe0311,Khris Middleton,NBA,32.67,29.9,0.5,0.1,5.8500,6.0700,7.5500,4.9800
$50 NBA Daily 8/20,2020-08-20T22:19:33.263850,estk_f5eb165987fe0311806121a64c461e99,evt_f5eb165987fe0311,Brook Lopez,NBA,24.32,29.39,7.5,0.1,5.6700,4.3500,7.3500,4.2200
$50 NBA Daily 8/20,2020-08-20T22:19:33.263863,estk_f5eb165987fe031158d79b9f2662f624,evt_f5eb165987fe0311,Evan Fournier,NBA,26.48,25.58,1.75,0.1,4.7200,4.7900,6.6000,3.5000
$50 NBA Daily 8/20,2020-08-20T22:19:33.263867,estk_f5eb165987fe0311f95aa87cc77383be,evt_f5eb165987fe0311,Markelle Fultz,NBA,23.95,22.55,1,0.1,4.1400,4.2500,6.0000,3.1400
$50 NBA Daily 8/20,2020-08-20T22:19:33.263870,estk_f5eb165987fe031104749763bd15faac,evt_f5eb165987fe0311,Eric Bledsoe,NBA,25.55,24.5,1.5,0.1,4.1300,4.5800,5.5800,3.0600
$50 NBA Daily 8/20,2020-08-20T22:19:33.263874,estk_f5eb165987fe03115684a141296027b3,evt_f5eb165987fe0311,James Ennis,NBA,19.26,24.08,6.75,0.1,3.8500,3.4100,5.4400,2.5000
$50 NBA Daily 8/20,2020-08-20T22:19:33.263882,estk_f5eb165987fe0311663b3162753394ed,evt_f5eb165987fe0311,Terrence Ross,NBA,20.77,18.69,0,0.1,3.3400,3.6500,4.8700,2.2000
$50 NBA Daily 8/20,2020-08-20T22:19:33.263894,estk_f5eb165987fe0311828daf68b6f4025d,evt_f5eb165987fe0311,George Hill,NBA,19.66,17.69,0,0.1,3.1100,3.4700,5.1400,2.2000
$50 NBA Daily 8/20,2020-08-20T22:19:33.263901,estk_f5eb165987fe03117d8f05cf2dd6dbea,evt_f5eb165987fe0311,D.J. Augustin,NBA,17.97,16.17,0,0.1,2.9000,3.1800,4.8500,1.9600
$50 NBA Daily 8/20,2020-08-20T22:19:33.263915,estk_f5eb165987fe03119076cef21a11902c,evt_f5eb165987fe0311,Donte DiVincenzo,NBA,15.85,14.27,0,0.1,2.6500,2.8900,4.5200,1.4000
$50 NBA Daily 8/20,2020-08-20T22:19:33.263922,estk_f5eb165987fe0311b349a48e189ba3d0,evt_f5eb165987fe0311,Pat Connaughton,NBA,15.68,14.11,0,0.1,2.5900,2.8300,4.5000,1.4000
$50 NBA Daily 8/20,2020-08-20T22:19:33.263926,estk_f5eb165987fe0311f16014e0a040fe5b,evt_f5eb165987fe0311,Wesley Matthews,NBA,14.75,12.78,-0.5,0.1,2.4000,2.7100,4.4000,1.4000
$50 NBA Daily 8/20,2020-08-20T22:19:33.263930,estk_f5eb165987fe031134e281c85e12c538,evt_f5eb165987fe0311,Khem Birch,NBA,13.28,11.95,0,0.1,2.3400,2.5300,4.1400,
$50 NBA Daily 8/20,2020-08-20T22:19:33.263934,estk_f5eb165987fe031155086ea38656fe99,evt_f5eb165987fe0311,Aaron Gordon,NBA,0,0,0,0.1,1.0000,3.4000,2.5200,
$50 NBA Daily 8/20,2020-08-20T22:20:03.208068,estk_f5eb165987fe031112d0c14aa5dfd232,evt_f5eb165987fe0311,Giannis Antetokounmpo,NBA,54.49,63.04,14,0.1,16.5500,7.1200,18.5600,14.9100
$50 NBA Daily 8/20,2020-08-20T22:20:03.208112,estk_f5eb165987fe0311f6c7d554d2fa9f75,evt_f5eb165987fe0311,Nikola Vucevic,NBA,43.84,45.71,6.25,0.1,11.4100,7.0300,12.5500,9.4200
$50 NBA Daily 8/20,2020-08-20T22:20:03.208128,estk_f5eb165987fe0311f2604b3c6ec43ff2,evt_f5eb165987fe0311,Khris Middleton,NBA,32.67,29.9,0.5,0.1,5.8500,6.0700,7.5500,4.9800
$50 NBA Daily 8/20,2020-08-20T22:20:03.208132,estk_f5eb165987fe0311806121a64c461e99,evt_f5eb165987fe0311,Brook Lopez,NBA,24.32,29.39,7.5,0.1,5.6700,4.3500,7.3500,4.2200
$50 NBA Daily 8/20,2020-08-20T22:20:03.208145,estk_f5eb165987fe031158d79b9f2662f624,evt_f5eb165987fe0311,Evan Fournier,NBA,26.48,25.58,1.75,0.1,4.7200,4.7900,6.6000,3.5000
$50 NBA Daily 8/20,2020-08-20T22:20:03.208150,estk_f5eb165987fe0311f95aa87cc77383be,evt_f5eb165987fe0311,Markelle Fultz,NBA,23.95,22.55,1,0.1,4.1400,4.2500,6.0000,3.1400
$50 NBA Daily 8/20,2020-08-20T22:20:03.208154,estk_f5eb165987fe031104749763bd15faac,evt_f5eb165987fe0311,Eric Bledsoe,NBA,25.55,24.5,1.5,0.1,4.1300,4.5800,5.5800,3.0600
$50 NBA Daily 8/20,2020-08-20T22:20:03.208158,estk_f5eb165987fe03115684a141296027b3,evt_f5eb165987fe0311,James Ennis,NBA,19.26,24.08,6.75,0.1,3.8500,3.4100,5.4400,2.5000
$50 NBA Daily 8/20,2020-08-20T22:20:03.208166,estk_f5eb165987fe0311663b3162753394ed,evt_f5eb165987fe0311,Terrence Ross,NBA,20.77,18.69,0,0.1,3.3400,3.6500,4.8700,2.2000
$50 NBA Daily 8/20,2020-08-20T22:20:03.208178,estk_f5eb165987fe0311828daf68b6f4025d,evt_f5eb165987fe0311,George Hill,NBA,19.66,17.69,0,0.1,3.1100,3.4700,5.1400,2.2000
$50 NBA Daily 8/20,2020-08-20T22:20:03.208185,estk_f5eb165987fe03117d8f05cf2dd6dbea,evt_f5eb165987fe0311,D.J. Augustin,NBA,17.97,16.17,0,0.1,2.9000,3.1800,4.8500,1.9600
$50 NBA Daily 8/20,2020-08-20T22:20:03.208200,estk_f5eb165987fe03119076cef21a11902c,evt_f5eb165987fe0311,Donte DiVincenzo,NBA,15.85,14.27,0,0.1,2.6500,2.8900,4.5200,1.4000
$50 NBA Daily 8/20,2020-08-20T22:20:03.208208,estk_f5eb165987fe0311b349a48e189ba3d0,evt_f5eb165987fe0311,Pat Connaughton,NBA,15.68,14.11,0,0.1,2.5900,2.8300,4.5000,1.4000
$50 NBA Daily 8/20,2020-08-20T22:20:03.208212,estk_f5eb165987fe0311f16014e0a040fe5b,evt_f5eb165987fe0311,Wesley Matthews,NBA,14.75,12.78,-0.5,0.1,2.4000,2.7100,4.4000,1.4000
$50 NBA Daily 8/20,2020-08-20T22:20:03.208216,estk_f5eb165987fe031134e281c85e12c538,evt_f5eb165987fe0311,Khem Birch,NBA,13.28,11.95,0,0.1,2.3400,2.5300,4.1400,
$50 NBA Daily 8/20,2020-08-20T22:20:03.208220,estk_f5eb165987fe031155086ea38656fe99,evt_f5eb165987fe0311,Aaron Gordon,NBA,0,0,0,0.1,1.0000,3.4000,2.5200,
$50 NBA Daily 8/20,2020-08-20T22:25:06.939843,estk_f5eb165987fe031112d0c14aa5dfd232,evt_f5eb165987fe0311,Giannis Antetokounmpo,NBA,54.49,62,13.5,0.11,17.9000,7.1200,19.6300,15.9900
$50 NBA Daily 8/20,2020-08-20T22:25:06.939888,estk_f5eb165987fe0311f6c7d554d2fa9f75,evt_f5eb165987fe0311,Nikola Vucevic,NBA,43.84,46.52,7.5,0.11,10.9400,7.0300,12.6300,9.4200
$50 NBA Daily 8/20,2020-08-20T22:25:06.939903,estk_f5eb165987fe0311f2604b3c6ec43ff2,evt_f5eb165987fe0311,Khris Middleton,NBA,32.67,30.33,1.25,0.11,5.7600,6.0700,7.5500,4.6900
$50 NBA Daily 8/20,2020-08-20T22:25:06.939907,estk_f5eb165987fe0311806121a64c461e99,evt_f5eb165987fe0311,Brook Lopez,NBA,24.32,29.14,7.5,0.11,5.5200,4.3500,7.3500,4.2200
$50 NBA Daily 8/20,2020-08-20T22:25:06.939919,estk_f5eb165987fe031158d79b9f2662f624,evt_f5eb165987fe0311,Evan Fournier,NBA,26.48,26.57,3,0.11,4.7000,4.7900,6.6000,3.5000
$50 NBA Daily 8/20,2020-08-20T22:25:06.939923,estk_f5eb165987fe03115684a141296027b3,evt_f5eb165987fe0311,James Ennis,NBA,19.26,25.89,8.75,0.11,4.4400,3.4100,5.6600,2.7200
$50 NBA Daily 8/20,2020-08-20T22:25:06.939927,estk_f5eb165987fe031104749763bd15faac,evt_f5eb165987fe0311,Eric Bledsoe,NBA,25.55,26.24,3.5,0.11,4.3700,4.5800,5.5800,3.0600
$50 NBA Daily 8/20,2020-08-20T22:25:06.939931,estk_f5eb165987fe0311f95aa87cc77383be,evt_f5eb165987fe0311,Markelle Fultz,NBA,23.95,21.82,0.5,0.11,3.9300,4.2500,6.0000,2.6700
$50 NBA Daily 8/20,2020-08-20T22:25:06.939939,estk_f5eb165987fe0311663b3162753394ed,evt_f5eb165987fe0311,Terrence Ross,NBA,20.77,18.49,0,0.11,3.2900,3.6500,4.7800,2.2000
$50 NBA Daily 8/20,2020-08-20T22:25:06.939950,estk_f5eb165987fe0311828daf68b6f4025d,evt_f5eb165987fe0311,George Hill,NBA,19.66,17.5,0,0.11,3.1200,3.4700,4.6800,2.2000
$50 NBA Daily 8/20,2020-08-20T22:25:06.939957,estk_f5eb165987fe03117d8f05cf2dd6dbea,evt_f5eb165987fe0311,D.J. Augustin,NBA,17.97,15.99,0,0.11,2.8700,3.1800,4.8500,1.9600
$50 NBA Daily 8/20,2020-08-20T22:25:06.939969,estk_f5eb165987fe03119076cef21a11902c,evt_f5eb165987fe0311,Donte DiVincenzo,NBA,15.85,14.11,0,0.11,2.6000,2.8900,4.5200,1.4000
$50 NBA Daily 8/20,2020-08-20T22:25:06.939980,estk_f5eb165987fe0311b349a48e189ba3d0,evt_f5eb165987fe0311,Pat Connaughton,NBA,15.68,13.96,0,0.11,2.5500,2.8300,4.5000,1.4000
$50 NBA Daily 8/20,2020-08-20T22:25:06.939983,estk_f5eb165987fe0311f16014e0a040fe5b,evt_f5eb165987fe0311,Wesley Matthews,NBA,14.75,12.63,-0.5,0.11,2.3700,2.7100,4.4000,1.4000
$50 NBA Daily 8/20,2020-08-20T22:25:06.939987,estk_f5eb165987fe031134e281c85e12c538,evt_f5eb165987fe0311,Khem Birch,NBA,13.28,11.82,0,0.11,2.3200,2.5300,4.1400,
$50 NBA Daily 8/20,2020-08-20T22:25:06.939991,estk_f5eb165987fe031155086ea38656fe99,evt_f5eb165987fe0311,Aaron Gordon,NBA,0,0,0,0.11,1.0000,3.4000,2.5200,
$50 NBA Daily 8/20,2020-08-20T22:25:07.022916,estk_f5eb165987fe031112d0c14aa5dfd232,evt_f5eb165987fe0311,Giannis Antetokounmpo,NBA,54.49,62,13.5,0.11,17.9000,7.1200,19.6300,15.9900
$50 NBA Daily 8/20,2020-08-20T22:25:07.022961,estk_f5eb165987fe0311f6c7d554d2fa9f75,evt_f5eb165987fe0311,Nikola Vucevic,NBA,43.84,46.52,7.5,0.11,10.9400,7.0300,12.6300,9.4200
$50 NBA Daily 8/20,2020-08-20T22:25:07.022977,estk_f5eb165987fe0311f2604b3c6ec43ff2,evt_f5eb165987fe0311,Khris Middleton,NBA,32.67,30.33,1.25,0.11,5.7600,6.0700,7.5500,4.6900
$50 NBA Daily 8/20,2020-08-20T22:25:07.022981,estk_f5eb165987fe0311806121a64c461e99,evt_f5eb165987fe0311,Brook Lopez,NBA,24.32,29.14,7.5,0.11,5.5200,4.3500,7.3500,4.2200
$50 NBA Daily 8/20,2020-08-20T22:25:07.022994,estk_f5eb165987fe031158d79b9f2662f624,evt_f5eb165987fe0311,Evan Fournier,NBA,26.48,26.57,3,0.11,4.7000,4.7900,6.6000,3.5000
$50 NBA Daily 8/20,2020-08-20T22:25:07.022998,estk_f5eb165987fe03115684a141296027b3,evt_f5eb165987fe0311,James Ennis,NBA,19.26,25.89,8.75,0.11,4.4400,3.4100,5.6600,2.7200
$50 NBA Daily 8/20,2020-08-20T22:25:07.023002,estk_f5eb165987fe031104749763bd15faac,evt_f5eb165987fe0311,Eric Bledsoe,NBA,25.55,26.24,3.5,0.11,4.3700,4.5800,5.5800,3.0600
$50 NBA Daily 8/20,2020-08-20T22:25:07.023006,estk_f5eb165987fe0311f95aa87cc77383be,evt_f5eb165987fe0311,Markelle Fultz,NBA,23.95,21.82,0.5,0.11,3.9300,4.2500,6.0000,2.6700
$50 NBA Daily 8/20,2020-08-20T22:25:07.023015,estk_f5eb165987fe0311663b3162753394ed,evt_f5eb165987fe0311,Terrence Ross,NBA,20.77,18.49,0,0.11,3.2900,3.6500,4.7800,2.2000
$50 NBA Daily 8/20,2020-08-20T22:25:07.023027,estk_f5eb165987fe0311828daf68b6f4025d,evt_f5eb165987fe0311,George Hill,NBA,19.66,17.5,0,0.11,3.1200,3.4700,4.6800,2.2000
$50 NBA Daily 8/20,2020-08-20T22:25:07.023035,estk_f5eb165987fe03117d8f05cf2dd6dbea,evt_f5eb165987fe0311,D.J. Augustin,NBA,17.97,15.99,0,0.11,2.8700,3.1800,4.8500,1.9600
$50 NBA Daily 8/20,2020-08-20T22:25:07.023046,estk_f5eb165987fe03119076cef21a11902c,evt_f5eb165987fe0311,Donte DiVincenzo,NBA,15.85,14.11,0,0.11,2.6000,2.8900,4.5200,1.4000
$50 NBA Daily 8/20,2020-08-20T22:25:07.023058,estk_f5eb165987fe0311b349a48e189ba3d0,evt_f5eb165987fe0311,Pat Connaughton,NBA,15.68,13.96,0,0.11,2.5500,2.8300,4.5000,1.4000
$50 NBA Daily 8/20,2020-08-20T22:25:07.023061,estk_f5eb165987fe0311f16014e0a040fe5b,evt_f5eb165987fe0311,Wesley Matthews,NBA,14.75,12.63,-0.5,0.11,2.3700,2.7100,4.4000,1.4000
$50 NBA Daily 8/20,2020-08-20T22:25:07.023065,estk_f5eb165987fe031134e281c85e12c538,evt_f5eb165987fe0311,Khem Birch,NBA,13.28,11.82,0,0.11,2.3200,2.5300,4.1400,
$50 NBA Daily 8/20,2020-08-20T22:25:07.023069,estk_f5eb165987fe031155086ea38656fe99,evt_f5eb165987fe0311,Aaron Gordon,NBA,0,0,0,0.11,1.0000,3.4000,2.5200,
$50 NBA Daily 8/20,2020-08-20T22:25:37.225303,estk_f5eb165987fe031112d0c14aa5dfd232,evt_f5eb165987fe0311,Giannis Antetokounmpo,NBA,54.49,61.66,14.25,0.13,17.9000,7.1200,19.6300,15.9900
$50 NBA Daily 8/20,2020-08-20T22:25:37.225341,estk_f5eb165987fe0311f6c7d554d2fa9f75,evt_f5eb165987fe0311,Nikola Vucevic,NBA,43.84,44.64,6.5,0.13,10.9400,7.0300,12.6300,9.4200
$50 NBA Daily 8/20,2020-08-20T22:25:37.225356,estk_f5eb165987fe0311f2604b3c6ec43ff2,evt_f5eb165987fe0311,Khris Middleton,NBA,32.67,30.92,2.5,0.13,5.7600,6.0700,7.5500,4.6900
$50 NBA Daily 8/20,2020-08-20T22:25:37.225360,estk_f5eb165987fe0311806121a64c461e99,evt_f5eb165987fe0311,Brook Lopez,NBA,24.32,28.16,7,0.13,5.5200,4.3500,7.3500,4.2200
$50 NBA Daily 8/20,2020-08-20T22:25:37.225371,estk_f5eb165987fe031158d79b9f2662f624,evt_f5eb165987fe0311,Evan Fournier,NBA,26.48,27.29,4.25,0.13,4.7000,4.7900,6.6000,3.5000
$50 NBA Daily 8/20,2020-08-20T22:25:37.225375,estk_f5eb165987fe03115684a141296027b3,evt_f5eb165987fe0311,James Ennis,NBA,19.26,25.51,8.75,0.13,4.4400,3.4100,5.6600,2.7200
$50 NBA Daily 8/20,2020-08-20T22:25:37.225378,estk_f5eb165987fe031104749763bd15faac,evt_f5eb165987fe0311,Eric Bledsoe,NBA,25.55,29.73,7.5,0.13,4.3700,4.5800,5.5800,3.0600
$50 NBA Daily 8/20,2020-08-20T22:25:37.225382,estk_f5eb165987fe0311f95aa87cc77383be,evt_f5eb165987fe0311,Markelle Fultz,NBA,23.95,21.34,0.5,0.13,3.9300,4.2500,6.0000,2.6700
$50 NBA Daily 8/20,2020-08-20T22:25:37.225390,estk_f5eb165987fe0311663b3162753394ed,evt_f5eb165987fe0311,Terrence Ross,NBA,20.77,18.07,0,0.13,3.2900,3.6500,4.7800,2.2000
$50 NBA Daily 8/20,2020-08-20T22:25:37.225401,estk_f5eb165987fe0311828daf68b6f4025d,evt_f5eb165987fe0311,George Hill,NBA,19.66,17.1,0,0.13,3.1200,3.4700,4.6800,2.2000
$50 NBA Daily 8/20,2020-08-20T22:25:37.225408,estk_f5eb165987fe03117d8f05cf2dd6dbea,evt_f5eb165987fe0311,D.J. Augustin,NBA,17.97,15.63,0,0.13,2.8700,3.1800,4.8500,1.9600
$50 NBA Daily 8/20,2020-08-20T22:25:37.225419,estk_f5eb165987fe03119076cef21a11902c,evt_f5eb165987fe0311,Donte DiVincenzo,NBA,15.85,13.79,0,0.13,2.6000,2.8900,4.5200,1.4000
$50 NBA Daily 8/20,2020-08-20T22:25:37.225429,estk_f5eb165987fe0311b349a48e189ba3d0,evt_f5eb165987fe0311,Pat Connaughton,NBA,15.68,13.64,0,0.13,2.5500,2.8300,4.5000,1.4000
$50 NBA Daily 8/20,2020-08-20T22:25:37.225433,estk_f5eb165987fe0311f16014e0a040fe5b,evt_f5eb165987fe0311,Wesley Matthews,NBA,14.75,13.83,1,0.13,2.3700,2.7100,4.4000,1.4000
$50 NBA Daily 8/20,2020-08-20T22:25:37.225436,estk_f5eb165987fe031134e281c85e12c538,evt_f5eb165987fe0311,Khem Birch,NBA,13.28,11.55,0,0.13,2.3200,2.5300,4.1400,
$50 NBA Daily 8/20,2020-08-20T22:25:37.225440,estk_f5eb165987fe031155086ea38656fe99,evt_f5eb165987fe0311,Aaron Gordon,NBA,0,0,0,0.13,1.0000,3.4000,2.5200,
$50 NBA Daily 8/20,2020-08-20T22:25:37.293260,estk_f5eb165987fe031112d0c14aa5dfd232,evt_f5eb165987fe0311,Giannis Antetokounmpo,NBA,54.49,61.66,14.25,0.13,17.9000,7.1200,19.6300,15.9900
$50 NBA Daily 8/20,2020-08-20T22:25:37.293303,estk_f5eb165987fe0311f6c7d554d2fa9f75,evt_f5eb165987fe0311,Nikola Vucevic,NBA,43.84,44.64,6.5,0.13,10.9400,7.0300,12.6300,9.4200
$50 NBA Daily 8/20,2020-08-20T22:25:37.293318,estk_f5eb165987fe0311f2604b3c6ec43ff2,evt_f5eb165987fe0311,Khris Middleton,NBA,32.67,30.92,2.5,0.13,5.7600,6.0700,7.5500,4.6900
$50 NBA Daily 8/20,2020-08-20T22:25:37.293322,estk_f5eb165987fe0311806121a64c461e99,evt_f5eb165987fe0311,Brook Lopez,NBA,24.32,28.16,7,0.13,5.5200,4.3500,7.3500,4.2200
$50 NBA Daily 8/20,2020-08-20T22:25:37.293334,estk_f5eb165987fe031158d79b9f2662f624,evt_f5eb165987fe0311,Evan Fournier,NBA,26.48,27.29,4.25,0.13,4.7000,4.7900,6.6000,3.5000
$50 NBA Daily 8/20,2020-08-20T22:25:37.293339,estk_f5eb165987fe03115684a141296027b3,evt_f5eb165987fe0311,James Ennis,NBA,19.26,25.51,8.75,0.13,4.4400,3.4100,5.6600,2.7200
$50 NBA Daily 8/20,2020-08-20T22:25:37.293342,estk_f5eb165987fe031104749763bd15faac,evt_f5eb165987fe0311,Eric Bledsoe,NBA,25.55,29.73,7.5,0.13,4.3700,4.5800,5.5800,3.0600
$50 NBA Daily 8/20,2020-08-20T22:25:37.293346,estk_f5eb165987fe0311f95aa87cc77383be,evt_f5eb165987fe0311,Markelle Fultz,NBA,23.95,21.34,0.5,0.13,3.9300,4.2500,6.0000,2.6700
$50 NBA Daily 8/20,2020-08-20T22:25:37.293355,estk_f5eb165987fe0311663b3162753394ed,evt_f5eb165987fe0311,Terrence Ross,NBA,20.77,18.07,0,0.13,3.2900,3.6500,4.7800,2.2000
$50 NBA Daily 8/20,2020-08-20T22:25:37.293367,estk_f5eb165987fe0311828daf68b6f4025d,evt_f5eb165987fe0311,George Hill,NBA,19.66,17.1,0,0.13,3.1200,3.4700,4.6800,2.2000
$50 NBA Daily 8/20,2020-08-20T22:25:37.293374,estk_f5eb165987fe03117d8f05cf2dd6dbea,evt_f5eb165987fe0311,D.J. Augustin,NBA,17.97,15.63,0,0.13,2.8700,3.1800,4.8500,1.9600
$50 NBA Daily 8/20,2020-08-20T22:25:37.293386,estk_f5eb165987fe03119076cef21a11902c,evt_f5eb165987fe0311,Donte DiVincenzo,NBA,15.85,13.79,0,0.13,2.6000,2.8900,4.5200,1.4000
$50 NBA Daily 8/20,2020-08-20T22:25:37.293397,estk_f5eb165987fe0311b349a48e189ba3d0,evt_f5eb165987fe0311,Pat Connaughton,NBA,15.68,13.64,0,0.13,2.5500,2.8300,4.5000,1.4000
$50 NBA Daily 8/20,2020-08-20T22:25:37.293401,estk_f5eb165987fe0311f16014e0a040fe5b,evt_f5eb165987fe0311,Wesley Matthews,NBA,14.75,13.83,1,0.13,2.3700,2.7100,4.4000,1.4000
$50 NBA Daily 8/20,2020-08-20T22:25:37.293404,estk_f5eb165987fe031134e281c85e12c538,evt_f5eb165987fe0311,Khem Birch,NBA,13.28,11.55,0,0.13,2.3200,2.5300,4.1400,
$50 NBA Daily 8/20,2020-08-20T22:25:37.293408,estk_f5eb165987fe031155086ea38656fe99,evt_f5eb165987fe0311,Aaron Gordon,NBA,0,0,0,0.13,1.0000,3.4000,2.5200,
$50 NBA Daily 8/20,2020-08-20T22:27:08.319870,estk_f5eb165987fe031112d0c14aa5dfd232,evt_f5eb165987fe0311,Giannis Antetokounmpo,NBA,54.49,61.11,14.25,0.14,17.9000,7.1200,19.6300,15.9900
$50 NBA Daily 8/20,2020-08-20T22:27:08.319917,estk_f5eb165987fe0311f6c7d554d2fa9f75,evt_f5eb165987fe0311,Nikola Vucevic,NBA,43.84,46.2,8.5,0.14,10.9400,7.0300,12.6300,9.4200
$50 NBA Daily 8/20,2020-08-20T22:27:08.319932,estk_f5eb165987fe0311f2604b3c6ec43ff2,evt_f5eb165987fe0311,Khris Middleton,NBA,32.67,33.85,5.75,0.14,5.7600,6.0700,7.5500,4.6900
$50 NBA Daily 8/20,2020-08-20T22:27:08.319936,estk_f5eb165987fe0311806121a64c461e99,evt_f5eb165987fe0311,Brook Lopez,NBA,24.32,27.92,7,0.14,5.5200,4.3500,7.3500,4.2200
$50 NBA Daily 8/20,2020-08-20T22:27:08.319947,estk_f5eb165987fe031158d79b9f2662f624,evt_f5eb165987fe0311,Evan Fournier,NBA,26.48,27.02,4.25,0.14,4.7000,4.7900,6.6000,3.5000
$50 NBA Daily 8/20,2020-08-20T22:27:08.319951,estk_f5eb165987fe03115684a141296027b3,evt_f5eb165987fe0311,James Ennis,NBA,19.26,25.31,8.75,0.14,4.4400,3.4100,5.6600,2.7200
$50 NBA Daily 8/20,2020-08-20T22:27:08.319955,estk_f5eb165987fe031104749763bd15faac,evt_f5eb165987fe0311,Eric Bledsoe,NBA,25.55,30.47,8.5,0.14,4.3700,4.5800,5.5800,3.0600
$50 NBA Daily 8/20,2020-08-20T22:27:08.319959,estk_f5eb165987fe0311f95aa87cc77383be,evt_f5eb165987fe0311,Markelle Fultz,NBA,23.95,22.1,1.5,0.14,3.9300,4.2500,5.5100,2.6700
$50 NBA Daily 8/20,2020-08-20T22:27:08.319967,estk_f5eb165987fe0311663b3162753394ed,evt_f5eb165987fe0311,Terrence Ross,NBA,20.77,17.86,0,0.14,3.2900,3.6500,4.7800,2.2000
$50 NBA Daily 8/20,2020-08-20T22:27:08.319978,estk_f5eb165987fe0311828daf68b6f4025d,evt_f5eb165987fe0311,George Hill,NBA,19.66,16.91,0,0.14,3.1200,3.4700,4.6800,2.2000
$50 NBA Daily 8/20,2020-08-20T22:27:08.319984,estk_f5eb165987fe03117d8f05cf2dd6dbea,evt_f5eb165987fe0311,D.J. Augustin,NBA,17.97,15.45,0,0.14,2.8700,3.1800,4.8500,1.9600
$50 NBA Daily 8/20,2020-08-20T22:27:08.319996,estk_f5eb165987fe03119076cef21a11902c,evt_f5eb165987fe0311,Donte DiVincenzo,NBA,15.85,13.63,0,0.14,2.6000,2.8900,4.5200,1.4000
$50 NBA Daily 8/20,2020-08-20T22:27:08.320006,estk_f5eb165987fe0311b349a48e189ba3d0,evt_f5eb165987fe0311,Pat Connaughton,NBA,15.68,13.48,0,0.14,2.5500,2.8300,4.5000,1.4000
$50 NBA Daily 8/20,2020-08-20T22:27:08.320010,estk_f5eb165987fe0311f16014e0a040fe5b,evt_f5eb165987fe0311,Wesley Matthews,NBA,14.75,13.69,1,0.14,2.3700,2.7100,4.4000,1.4000
$50 NBA Daily 8/20,2020-08-20T22:27:08.320014,estk_f5eb165987fe031134e281c85e12c538,evt_f5eb165987fe0311,Khem Birch,NBA,13.28,11.42,0,0.14,2.3200,2.5300,4.1400,
$50 NBA Daily 8/20,2020-08-20T22:27:08.320017,estk_f5eb165987fe031155086ea38656fe99,evt_f5eb165987fe0311,Aaron Gordon,NBA,0,0,0,0.14,1.0000,3.4000,2.5200,
$50 NBA Daily 8/20,2020-08-20T22:27:08.335795,estk_f5eb165987fe031112d0c14aa5dfd232,evt_f5eb165987fe0311,Giannis Antetokounmpo,NBA,54.49,61.11,14.25,0.14,17.9000,7.1200,19.6300,15.9900
$50 NBA Daily 8/20,2020-08-20T22:27:08.335838,estk_f5eb165987fe0311f6c7d554d2fa9f75,evt_f5eb165987fe0311,Nikola Vucevic,NBA,43.84,46.2,8.5,0.14,10.9400,7.0300,12.6300,9.4200
$50 NBA Daily 8/20,2020-08-20T22:27:08.335854,estk_f5eb165987fe0311f2604b3c6ec43ff2,evt_f5eb165987fe0311,Khris Middleton,NBA,32.67,33.85,5.75,0.14,5.7600,6.0700,7.5500,4.6900
$50 NBA Daily 8/20,2020-08-20T22:27:08.335858,estk_f5eb165987fe0311806121a64c461e99,evt_f5eb165987fe0311,Brook Lopez,NBA,24.32,27.92,7,0.14,5.5200,4.3500,7.3500,4.2200
$50 NBA Daily 8/20,2020-08-20T22:27:08.335870,estk_f5eb165987fe031158d79b9f2662f624,evt_f5eb165987fe0311,Evan Fournier,NBA,26.48,27.02,4.25,0.14,4.7000,4.7900,6.6000,3.5000
$50 NBA Daily 8/20,2020-08-20T22:27:08.335875,estk_f5eb165987fe03115684a141296027b3,evt_f5eb165987fe0311,James Ennis,NBA,19.26,25.31,8.75,0.14,4.4400,3.4100,5.6600,2.7200
$50 NBA Daily 8/20,2020-08-20T22:27:08.335879,estk_f5eb165987fe031104749763bd15faac,evt_f5eb165987fe0311,Eric Bledsoe,NBA,25.55,30.47,8.5,0.14,4.3700,4.5800,5.5800,3.0600
$50 NBA Daily 8/20,2020-08-20T22:27:08.335883,estk_f5eb165987fe0311f95aa87cc77383be,evt_f5eb165987fe0311,Markelle Fultz,NBA,23.95,22.1,1.5,0.14,3.9300,4.2500,5.5100,2.6700
$50 NBA Daily 8/20,2020-08-20T22:27:08.335891,estk_f5eb165987fe0311663b3162753394ed,evt_f5eb165987fe0311,Terrence Ross,NBA,20.77,17.86,0,0.14,3.2900,3.6500,4.7800,2.2000
$50 NBA Daily 8/20,2020-08-20T22:27:08.335903,estk_f5eb165987fe0311828daf68b6f4025d,evt_f5eb165987fe0311,George Hill,NBA,19.66,16.91,0,0.14,3.1200,3.4700,4.6800,2.2000
$50 NBA Daily 8/20,2020-08-20T22:27:08.335911,estk_f5eb165987fe03117d8f05cf2dd6dbea,evt_f5eb165987fe0311,D.J. Augustin,NBA,17.97,15.45,0,0.14,2.8700,3.1800,4.8500,1.9600
$50 NBA Daily 8/20,2020-08-20T22:27:08.335922,estk_f5eb165987fe03119076cef21a11902c,evt_f5eb165987fe0311,Donte DiVincenzo,NBA,15.85,13.63,0,0.14,2.6000,2.8900,4.5200,1.4000
$50 NBA Daily 8/20,2020-08-20T22:27:08.335934,estk_f5eb165987fe0311b349a48e189ba3d0,evt_f5eb165987fe0311,Pat Connaughton,NBA,15.68,13.48,0,0.14,2.5500,2.8300,4.5000,1.4000
$50 NBA Daily 8/20,2020-08-20T22:27:08.335938,estk_f5eb165987fe0311f16014e0a040fe5b,evt_f5eb165987fe0311,Wesley Matthews,NBA,14.75,13.69,1,0.14,2.3700,2.7100,4.4000,1.4000
$50 NBA Daily 8/20,2020-08-20T22:27:08.335942,estk_f5eb165987fe031134e281c85e12c538,evt_f5eb165987fe0311,Khem Birch,NBA,13.28,11.42,0,0.14,2.3200,2.5300,4.1400,
$50 NBA Daily 8/20,2020-08-20T22:27:08.335946,estk_f5eb165987fe031155086ea38656fe99,evt_f5eb165987fe0311,Aaron Gordon,NBA,0,0,0,0.14,1.0000,3.4000,2.5200,
$50 NBA Daily 8/20,2020-08-20T22:27:38.623656,estk_f5eb165987fe031112d0c14aa5dfd232,evt_f5eb165987fe0311,Giannis Antetokounmpo,NBA,54.49,59.48,14.25,0.17,17.9000,7.1200,19.6300,15.9900
$50 NBA Daily 8/20,2020-08-20T22:27:38.623697,estk_f5eb165987fe0311f6c7d554d2fa9f75,evt_f5eb165987fe0311,Nikola Vucevic,NBA,43.84,44.89,8.5,0.17,10.9400,7.0300,12.6300,9.4200
$50 NBA Daily 8/20,2020-08-20T22:27:38.623712,estk_f5eb165987fe0311f2604b3c6ec43ff2,evt_f5eb165987fe0311,Khris Middleton,NBA,32.67,35.62,8.5,0.17,5.7600,6.0700,7.5500,4.6900
$50 NBA Daily 8/20,2020-08-20T22:27:38.623716,estk_f5eb165987fe0311806121a64c461e99,evt_f5eb165987fe0311,Brook Lopez,NBA,24.32,27.19,7,0.17,5.5200,4.3500,7.3500,4.2200
$50 NBA Daily 8/20,2020-08-20T22:27:38.623729,estk_f5eb165987fe031158d79b9f2662f624,evt_f5eb165987fe0311,Evan Fournier,NBA,26.48,28.98,7,0.17,4.7000,4.7900,6.6000,3.5000
$50 NBA Daily 8/20,2020-08-20T22:27:38.623733,estk_f5eb165987fe03115684a141296027b3,evt_f5eb165987fe0311,James Ennis,NBA,19.26,24.74,8.75,0.17,4.4400,3.4100,5.6600,2.7200
$50 NBA Daily 8/20,2020-08-20T22:27:38.623741,estk_f5eb165987fe031104749763bd15faac,evt_f5eb165987fe0311,Eric Bledsoe,NBA,25.55,29.21,8,0.17,4.3700,4.5800,5.5800,3.0600
$50 NBA Daily 8/20,2020-08-20T22:27:38.623745,estk_f5eb165987fe0311f95aa87cc77383be,evt_f5eb165987fe0311,Markelle Fultz,NBA,23.95,20.88,1,0.17,3.9300,4.2500,5.5100,2.6700
$50 NBA Daily 8/20,2020-08-20T22:27:38.623754,estk_f5eb165987fe0311663b3162753394ed,evt_f5eb165987fe0311,Terrence Ross,NBA,20.77,17.24,0,0.17,3.2900,3.6500,4.7800,2.2000
$50 NBA Daily 8/20,2020-08-20T22:27:38.623767,estk_f5eb165987fe0311828daf68b6f4025d,evt_f5eb165987fe0311,George Hill,NBA,19.66,16.32,0,0.17,3.1200,3.4700,4.6800,2.2000
$50 NBA Daily 8/20,2020-08-20T22:27:38.623775,estk_f5eb165987fe03117d8f05cf2dd6dbea,evt_f5eb165987fe0311,D.J. Augustin,NBA,17.97,14.92,0,0.17,2.8700,3.1800,4.8500,1.9600
$50 NBA Daily 8/20,2020-08-20T22:27:38.623786,estk_f5eb165987fe03119076cef21a11902c,evt_f5eb165987fe0311,Donte DiVincenzo,NBA,15.85,14.66,1.5,0.17,2.6000,2.8900,4.5200,1.4000
$50 NBA Daily 8/20,2020-08-20T22:27:38.623797,estk_f5eb165987fe0311b349a48e189ba3d0,evt_f5eb165987fe0311,Pat Connaughton,NBA,15.68,13.01,0,0.17,2.5500,2.8300,4.5000,1.4000
$50 NBA Daily 8/20,2020-08-20T22:27:38.623801,estk_f5eb165987fe0311f16014e0a040fe5b,evt_f5eb165987fe0311,Wesley Matthews,NBA,14.75,13.24,1,0.17,2.3700,2.7100,4.4000,1.4000
$50 NBA Daily 8/20,2020-08-20T22:27:38.623805,estk_f5eb165987fe031134e281c85e12c538,evt_f5eb165987fe0311,Khem Birch,NBA,13.28,11.02,0,0.17,2.3200,2.5300,4.1400,
$50 NBA Daily 8/20,2020-08-20T22:27:38.623809,estk_f5eb165987fe031155086ea38656fe99,evt_f5eb165987fe0311,Aaron Gordon,NBA,0,0,0,0.17,1.0000,3.4000,2.5200,
$50 NBA Daily 8/20,2020-08-20T22:28:08.899008,estk_f5eb165987fe031112d0c14aa5dfd232,evt_f5eb165987fe0311,Giannis Antetokounmpo,NBA,54.49,59.48,14.25,0.17,17.9000,7.1200,19.6300,15.9900
$50 NBA Daily 8/20,2020-08-20T22:28:08.899049,estk_f5eb165987fe0311f6c7d554d2fa9f75,evt_f5eb165987fe0311,Nikola Vucevic,NBA,43.84,44.89,8.5,0.17,10.9400,7.0300,12.6300,9.4200
$50 NBA Daily 8/20,2020-08-20T22:28:08.899064,estk_f5eb165987fe0311f2604b3c6ec43ff2,evt_f5eb165987fe0311,Khris Middleton,NBA,32.67,35.62,8.5,0.17,5.7600,6.0700,7.5500,4.6900
$50 NBA Daily 8/20,2020-08-20T22:28:08.899068,estk_f5eb165987fe0311806121a64c461e99,evt_f5eb165987fe0311,Brook Lopez,NBA,24.32,27.19,7,0.17,5.5200,4.3500,7.3500,4.2200
$50 NBA Daily 8/20,2020-08-20T22:28:08.899080,estk_f5eb165987fe031158d79b9f2662f624,evt_f5eb165987fe0311,Evan Fournier,NBA,26.48,28.98,7,0.17,4.7000,4.7900,6.6000,3.5000
$50 NBA Daily 8/20,2020-08-20T22:28:08.899084,estk_f5eb165987fe03115684a141296027b3,evt_f5eb165987fe0311,James Ennis,NBA,19.26,24.74,8.75,0.17,4.4400,3.4100,5.6600,2.7200
$50 NBA Daily 8/20,2020-08-20T22:28:08.899087,estk_f5eb165987fe031104749763bd15faac,evt_f5eb165987fe0311,Eric Bledsoe,NBA,25.55,29.21,8,0.17,4.3700,4.5800,5.5800,3.0600
$50 NBA Daily 8/20,2020-08-20T22:28:08.899091,estk_f5eb165987fe0311f95aa87cc77383be,evt_f5eb165987fe0311,Markelle Fultz,NBA,23.95,20.88,1,0.17,3.9300,4.2500,5.5100,2.6700
$50 NBA Daily 8/20,2020-08-20T22:28:08.899099,estk_f5eb165987fe0311663b3162753394ed,evt_f5eb165987fe0311,Terrence Ross,NBA,20.77,17.24,0,0.17,3.2900,3.6500,4.7800,2.2000
$50 NBA Daily 8/20,2020-08-20T22:28:08.899109,estk_f5eb165987fe0311828daf68b6f4025d,evt_f5eb165987fe0311,George Hill,NBA,19.66,16.32,0,0.17,3.1200,3.4700,4.6800,2.2000
$50 NBA Daily 8/20,2020-08-20T22:28:08.899117,estk_f5eb165987fe03117d8f05cf2dd6dbea,evt_f5eb165987fe0311,D.J. Augustin,NBA,17.97,14.92,0,0.17,2.8700,3.1800,4.8500,1.9600
$50 NBA Daily 8/20,2020-08-20T22:28:08.899128,estk_f5eb165987fe03119076cef21a11902c,evt_f5eb165987fe0311,Donte DiVincenzo,NBA,15.85,14.66,1.5,0.17,2.6000,2.8900,4.5200,1.4000
$50 NBA Daily 8/20,2020-08-20T22:28:08.899138,estk_f5eb165987fe0311b349a48e189ba3d0,evt_f5eb165987fe0311,Pat Connaughton,NBA,15.68,13.01,0,0.17,2.5500,2.8300,4.5000,1.4000
$50 NBA Daily 8/20,2020-08-20T22:28:08.899142,estk_f5eb165987fe0311f16014e0a040fe5b,evt_f5eb165987fe0311,Wesley Matthews,NBA,14.75,13.24,1,0.17,2.3700,2.7100,4.4000,1.4000
$50 NBA Daily 8/20,2020-08-20T22:28:08.899145,estk_f5eb165987fe031134e281c85e12c538,evt_f5eb165987fe0311,Khem Birch,NBA,13.28,11.02,0,0.17,2.3200,2.5300,4.1400,
$50 NBA Daily 8/20,2020-08-20T22:28:08.899149,estk_f5eb165987fe031155086ea38656fe99,evt_f5eb165987fe0311,Aaron Gordon,NBA,0,0,0,0.17,1.0000,3.4000,2.5200,
$50 NBA Daily 8/20,2020-08-20T22:33:12.141004,estk_f5eb165987fe031112d0c14aa5dfd232,evt_f5eb165987fe0311,Giannis Antetokounmpo,NBA,54.49,59.68,15,0.18,17.9000,7.1200,19.6300,15.9900
$50 NBA Daily 8/20,2020-08-20T22:33:12.141049,estk_f5eb165987fe0311f6c7d554d2fa9f75,evt_f5eb165987fe0311,Nikola Vucevic,NBA,43.84,44.45,8.5,0.18,10.9400,7.0300,12.6300,9.4200
$50 NBA Daily 8/20,2020-08-20T22:33:12.141064,estk_f5eb165987fe0311f2604b3c6ec43ff2,evt_f5eb165987fe0311,Khris Middleton,NBA,32.67,35.29,8.5,0.18,5.7600,6.0700,7.5500,4.6900
$50 NBA Daily 8/20,2020-08-20T22:33:12.141068,estk_f5eb165987fe0311806121a64c461e99,evt_f5eb165987fe0311,Brook Lopez,NBA,24.32,26.94,7,0.18,5.5200,4.3500,7.3500,4.2200
$50 NBA Daily 8/20,2020-08-20T22:33:12.141080,estk_f5eb165987fe031158d79b9f2662f624,evt_f5eb165987fe0311,Evan Fournier,NBA,26.48,27.46,5.75,0.18,4.7000,4.7900,6.6000,3.5000
$50 NBA Daily 8/20,2020-08-20T22:33:12.141084,estk_f5eb165987fe03115684a141296027b3,evt_f5eb165987fe0311,James Ennis,NBA,19.26,24.54,8.75,0.18,4.4400,3.4100,5.6600,2.7200
$50 NBA Daily 8/20,2020-08-20T22:33:12.141088,estk_f5eb165987fe031104749763bd15faac,evt_f5eb165987fe0311,Eric Bledsoe,NBA,25.55,28.95,8,0.18,4.3700,4.5800,5.5800,3.0600
$50 NBA Daily 8/20,2020-08-20T22:33:12.141096,estk_f5eb165987fe0311f95aa87cc77383be,evt_f5eb165987fe0311,Markelle Fultz,NBA,23.95,22.64,3,0.18,3.9300,4.2500,5.5100,2.6700
$50 NBA Daily 8/20,2020-08-20T22:33:12.141105,estk_f5eb165987fe0311663b3162753394ed,evt_f5eb165987fe0311,Terrence Ross,NBA,20.77,17.03,0,0.18,3.2900,3.6500,4.7800,2.2000
$50 NBA Daily 8/20,2020-08-20T22:33:12.141117,estk_f5eb165987fe0311828daf68b6f4025d,evt_f5eb165987fe0311,George Hill,NBA,19.66,16.12,0,0.18,3.1200,3.4700,4.6800,2.2000
$50 NBA Daily 8/20,2020-08-20T22:33:12.141124,estk_f5eb165987fe03117d8f05cf2dd6dbea,evt_f5eb165987fe0311,D.J. Augustin,NBA,17.97,14.24,-0.5,0.18,2.8700,3.1800,4.8500,1.9600
$50 NBA Daily 8/20,2020-08-20T22:33:12.141136,estk_f5eb165987fe03119076cef21a11902c,evt_f5eb165987fe0311,Donte DiVincenzo,NBA,15.85,14,1,0.18,2.6000,2.8900,4.5200,1.4000
$50 NBA Daily 8/20,2020-08-20T22:33:12.141147,estk_f5eb165987fe0311b349a48e189ba3d0,evt_f5eb165987fe0311,Pat Connaughton,NBA,15.68,12.86,0,0.18,2.5500,2.8300,4.5000,1.4000
$50 NBA Daily 8/20,2020-08-20T22:33:12.141151,estk_f5eb165987fe0311f16014e0a040fe5b,evt_f5eb165987fe0311,Wesley Matthews,NBA,14.75,11.6,-0.5,0.18,2.3700,2.7100,4.4000,1.4000
$50 NBA Daily 8/20,2020-08-20T22:33:12.141155,estk_f5eb165987fe031134e281c85e12c538,evt_f5eb165987fe0311,Khem Birch,NBA,13.28,10.89,0,0.18,2.3200,2.5300,4.1400,
$50 NBA Daily 8/20,2020-08-20T22:33:12.141158,estk_f5eb165987fe031155086ea38656fe99,evt_f5eb165987fe0311,Aaron Gordon,NBA,0,0,0,0.18,1.0000,3.4000,2.5200,
$50 NBA Daily 8/20,2020-08-20T22:33:12.335341,estk_f5eb165987fe031112d0c14aa5dfd232,evt_f5eb165987fe0311,Giannis Antetokounmpo,NBA,54.49,59.68,15,0.18,17.9000,7.1200,19.6300,15.9900
$50 NBA Daily 8/20,2020-08-20T22:33:12.335384,estk_f5eb165987fe0311f6c7d554d2fa9f75,evt_f5eb165987fe0311,Nikola Vucevic,NBA,43.84,44.45,8.5,0.18,10.9400,7.0300,12.6300,9.4200
$50 NBA Daily 8/20,2020-08-20T22:33:12.335398,estk_f5eb165987fe0311f2604b3c6ec43ff2,evt_f5eb165987fe0311,Khris Middleton,NBA,32.67,35.29,8.5,0.18,5.7600,6.0700,7.5500,4.6900
$50 NBA Daily 8/20,2020-08-20T22:33:12.335402,estk_f5eb165987fe0311806121a64c461e99,evt_f5eb165987fe0311,Brook Lopez,NBA,24.32,26.94,7,0.18,5.5200,4.3500,7.3500,4.2200
$50 NBA Daily 8/20,2020-08-20T22:33:12.335414,estk_f5eb165987fe031158d79b9f2662f624,evt_f5eb165987fe0311,Evan Fournier,NBA,26.48,27.46,5.75,0.18,4.7000,4.7900,6.6000,3.5000
$50 NBA Daily 8/20,2020-08-20T22:33:12.335418,estk_f5eb165987fe03115684a141296027b3,evt_f5eb165987fe0311,James Ennis,NBA,19.26,24.54,8.75,0.18,4.4400,3.4100,5.6600,2.7200
$50 NBA Daily 8/20,2020-08-20T22:33:12.335421,estk_f5eb165987fe031104749763bd15faac,evt_f5eb165987fe0311,Eric Bledsoe,NBA,25.55,28.95,8,0.18,4.3700,4.5800,5.5800,3.0600
$50 NBA Daily 8/20,2020-08-20T22:33:12.335425,estk_f5eb165987fe0311f95aa87cc77383be,evt_f5eb165987fe0311,Markelle Fultz,NBA,23.95,22.64,3,0.18,3.9300,4.2500,5.5100,2.6700
$50 NBA Daily 8/20,2020-08-20T22:33:12.335432,estk_f5eb165987fe0311663b3162753394ed,evt_f5eb165987fe0311,Terrence Ross,NBA,20.77,17.03,0,0.18,3.2900,3.6500,4.7800,2.2000
$50 NBA Daily 8/20,2020-08-20T22:33:12.335444,estk_f5eb165987fe0311828daf68b6f4025d,evt_f5eb165987fe0311,George Hill,NBA,19.66,16.12,0,0.18,3.1200,3.4700,4.6800,2.2000
$50 NBA Daily 8/20,2020-08-20T22:33:12.335451,estk_f5eb165987fe03117d8f05cf2dd6dbea,evt_f5eb165987fe0311,D.J. Augustin,NBA,17.97,14.24,-0.5,0.18,2.8700,3.1800,4.8500,1.9600
$50 NBA Daily 8/20,2020-08-20T22:33:12.335462,estk_f5eb165987fe03119076cef21a11902c,evt_f5eb165987fe0311,Donte DiVincenzo,NBA,15.85,14,1,0.18,2.6000,2.8900,4.5200,1.4000
$50 NBA Daily 8/20,2020-08-20T22:33:12.335473,estk_f5eb165987fe0311b349a48e189ba3d0,evt_f5eb165987fe0311,Pat Connaughton,NBA,15.68,12.86,0,0.18,2.5500,2.8300,4.5000,1.4000
$50 NBA Daily 8/20,2020-08-20T22:33:12.335476,estk_f5eb165987fe0311f16014e0a040fe5b,evt_f5eb165987fe0311,Wesley Matthews,NBA,14.75,11.6,-0.5,0.18,2.3700,2.7100,4.4000,1.4000
$50 NBA Daily 8/20,2020-08-20T22:33:12.335480,estk_f5eb165987fe031134e281c85e12c538,evt_f5eb165987fe0311,Khem Birch,NBA,13.28,10.89,0,0.18,2.3200,2.5300,4.1400,
$50 NBA Daily 8/20,2020-08-20T22:33:12.335484,estk_f5eb165987fe031155086ea38656fe99,evt_f5eb165987fe0311,Aaron Gordon,NBA,0,0,0,0.18,1.0000,3.4000,2.5200,
$50 NBA Daily 8/20,2020-08-20T22:35:43.856369,estk_f5eb165987fe031112d0c14aa5dfd232,evt_f5eb165987fe0311,Giannis Antetokounmpo,NBA,54.49,58.59,15,0.2,17.9000,7.1200,19.6300,15.9900
$50 NBA Daily 8/20,2020-08-20T22:35:43.856407,estk_f5eb165987fe0311f6c7d554d2fa9f75,evt_f5eb165987fe0311,Nikola Vucevic,NBA,43.84,43.57,8.5,0.2,10.9400,7.0300,12.6300,9.4200
$50 NBA Daily 8/20,2020-08-20T22:35:43.856423,estk_f5eb165987fe0311f2604b3c6ec43ff2,evt_f5eb165987fe0311,Khris Middleton,NBA,32.67,34.64,8.5,0.2,5.7600,6.0700,7.5500,4.6900
$50 NBA Daily 8/20,2020-08-20T22:35:43.856426,estk_f5eb165987fe0311806121a64c461e99,evt_f5eb165987fe0311,Brook Lopez,NBA,24.32,26.46,7,0.2,5.5200,4.3500,7.3500,4.2200
$50 NBA Daily 8/20,2020-08-20T22:35:43.856439,estk_f5eb165987fe031158d79b9f2662f624,evt_f5eb165987fe0311,Evan Fournier,NBA,26.48,28.93,7.75,0.2,4.7000,4.7900,6.6000,3.5000
$50 NBA Daily 8/20,2020-08-20T22:35:43.856443,estk_f5eb165987fe03115684a141296027b3,evt_f5eb165987fe0311,James Ennis,NBA,19.26,24.16,8.75,0.2,4.4400,3.4100,5.6600,2.7200
$50 NBA Daily 8/20,2020-08-20T22:35:43.856447,estk_f5eb165987fe031104749763bd15faac,evt_f5eb165987fe0311,Eric Bledsoe,NBA,25.55,28.44,8,0.2,4.3700,4.5800,5.5800,3.0600
$50 NBA Daily 8/20,2020-08-20T22:35:43.856451,estk_f5eb165987fe0311f95aa87cc77383be,evt_f5eb165987fe0311,Markelle Fultz,NBA,23.95,20.16,1,0.2,3.9300,4.2500,5.5100,2.6700
$50 NBA Daily 8/20,2020-08-20T22:35:43.856459,estk_f5eb165987fe0311663b3162753394ed,evt_f5eb165987fe0311,Terrence Ross,NBA,20.77,16.12,-0.5,0.2,3.2900,3.6500,4.7800,2.2000
$50 NBA Daily 8/20,2020-08-20T22:35:43.856471,estk_f5eb165987fe0311828daf68b6f4025d,evt_f5eb165987fe0311,George Hill,NBA,19.66,15.73,0,0.2,3.1200,3.4700,4.6800,2.2000
$50 NBA Daily 8/20,2020-08-20T22:35:43.856478,estk_f5eb165987fe03117d8f05cf2dd6dbea,evt_f5eb165987fe0311,D.J. Augustin,NBA,17.97,15.38,1,0.2,2.8700,3.1800,4.8500,1.9600
$50 NBA Daily 8/20,2020-08-20T22:35:43.856489,estk_f5eb165987fe03119076cef21a11902c,evt_f5eb165987fe0311,Donte DiVincenzo,NBA,15.85,17.18,4.5,0.2,2.6000,2.8900,4.5200,1.4000
$50 NBA Daily 8/20,2020-08-20T22:35:43.856500,estk_f5eb165987fe0311b349a48e189ba3d0,evt_f5eb165987fe0311,Pat Connaughton,NBA,15.68,13.79,1.25,0.2,2.5500,2.8300,4.5000,1.4000
$50 NBA Daily 8/20,2020-08-20T22:35:43.856504,estk_f5eb165987fe0311f16014e0a040fe5b,evt_f5eb165987fe0311,Wesley Matthews,NBA,14.75,11.3,-0.5,0.2,2.3700,2.7100,4.4000,1.4000
$50 NBA Daily 8/20,2020-08-20T22:35:43.856508,estk_f5eb165987fe031134e281c85e12c538,evt_f5eb165987fe0311,Khem Birch,NBA,13.28,11.37,0.75,0.2,2.3200,2.5300,4.1400,
$50 NBA Daily 8/20,2020-08-20T22:35:43.856512,estk_f5eb165987fe031155086ea38656fe99,evt_f5eb165987fe0311,Aaron Gordon,NBA,0,0,0,0.2,1.0000,3.4000,2.5200,
$50 NBA Daily 8/20,2020-08-20T22:35:43.944851,estk_f5eb165987fe031112d0c14aa5dfd232,evt_f5eb165987fe0311,Giannis Antetokounmpo,NBA,54.49,58.59,15,0.2,17.9000,7.1200,19.6300,15.9900
$50 NBA Daily 8/20,2020-08-20T22:35:43.944892,estk_f5eb165987fe0311f6c7d554d2fa9f75,evt_f5eb165987fe0311,Nikola Vucevic,NBA,43.84,43.57,8.5,0.2,10.9400,7.0300,12.6300,9.4200
$50 NBA Daily 8/20,2020-08-20T22:35:43.944907,estk_f5eb165987fe0311f2604b3c6ec43ff2,evt_f5eb165987fe0311,Khris Middleton,NBA,32.67,34.64,8.5,0.2,5.7600,6.0700,7.5500,4.6900
$50 NBA Daily 8/20,2020-08-20T22:35:43.944911,estk_f5eb165987fe0311806121a64c461e99,evt_f5eb165987fe0311,Brook Lopez,NBA,24.32,26.46,7,0.2,5.5200,4.3500,7.3500,4.2200
$50 NBA Daily 8/20,2020-08-20T22:35:43.944923,estk_f5eb165987fe031158d79b9f2662f624,evt_f5eb165987fe0311,Evan Fournier,NBA,26.48,28.93,7.75,0.2,4.7000,4.7900,6.6000,3.5000
$50 NBA Daily 8/20,2020-08-20T22:35:43.944927,estk_f5eb165987fe03115684a141296027b3,evt_f5eb165987fe0311,James Ennis,NBA,19.26,24.16,8.75,0.2,4.4400,3.4100,5.6600,2.7200
$50 NBA Daily 8/20,2020-08-20T22:35:43.944930,estk_f5eb165987fe031104749763bd15faac,evt_f5eb165987fe0311,Eric Bledsoe,NBA,25.55,28.44,8,0.2,4.3700,4.5800,5.5800,3.0600
$50 NBA Daily 8/20,2020-08-20T22:35:43.944934,estk_f5eb165987fe0311f95aa87cc77383be,evt_f5eb165987fe0311,Markelle Fultz,NBA,23.95,20.16,1,0.2,3.9300,4.2500,5.5100,2.6700
$50 NBA Daily 8/20,2020-08-20T22:35:43.944942,estk_f5eb165987fe0311663b3162753394ed,evt_f5eb165987fe0311,Terrence Ross,NBA,20.77,16.12,-0.5,0.2,3.2900,3.6500,4.7800,2.2000
$50 NBA Daily 8/20,2020-08-20T22:35:43.944953,estk_f5eb165987fe0311828daf68b6f4025d,evt_f5eb165987fe0311,George Hill,NBA,19.66,15.73,0,0.2,3.1200,3.4700,4.6800,2.2000
$50 NBA Daily 8/20,2020-08-20T22:35:43.944960,estk_f5eb165987fe03117d8f05cf2dd6dbea,evt_f5eb165987fe0311,D.J. Augustin,NBA,17.97,15.38,1,0.2,2.8700,3.1800,4.8500,1.9600
$50 NBA Daily 8/20,2020-08-20T22:35:43.944971,estk_f5eb165987fe03119076cef21a11902c,evt_f5eb165987fe0311,Donte DiVincenzo,NBA,15.85,17.18,4.5,0.2,2.6000,2.8900,4.5200,1.4000
$50 NBA Daily 8/20,2020-08-20T22:35:43.944982,estk_f5eb165987fe0311b349a48e189ba3d0,evt_f5eb165987fe0311,Pat Connaughton,NBA,15.68,13.79,1.25,0.2,2.5500,2.8300,4.5000,1.4000
$50 NBA Daily 8/20,2020-08-20T22:35:43.944986,estk_f5eb165987fe0311f16014e0a040fe5b,evt_f5eb165987fe0311,Wesley Matthews,NBA,14.75,11.3,-0.5,0.2,2.3700,2.7100,4.4000,1.4000
$50 NBA Daily 8/20,2020-08-20T22:35:43.944989,estk_f5eb165987fe031134e281c85e12c538,evt_f5eb165987fe0311,Khem Birch,NBA,13.28,11.37,0.75,0.2,2.3200,2.5300,4.1400,
$50 NBA Daily 8/20,2020-08-20T22:35:43.944993,estk_f5eb165987fe031155086ea38656fe99,evt_f5eb165987fe0311,Aaron Gordon,NBA,0,0,0,0.2,1.0000,3.4000,2.5200,
$50 NBA Daily 8/20,2020-08-20T22:36:44.558226,estk_f5eb165987fe031112d0c14aa5dfd232,evt_f5eb165987fe0311,Giannis Antetokounmpo,NBA,54.49,56.96,15,0.23,17.9000,7.1200,19.6300,15.9900
$50 NBA Daily 8/20,2020-08-20T22:36:44.558270,estk_f5eb165987fe0311f6c7d554d2fa9f75,evt_f5eb165987fe0311,Nikola Vucevic,NBA,43.84,42.26,8.5,0.23,10.9400,7.0300,12.6300,9.4200
$50 NBA Daily 8/20,2020-08-20T22:36:44.558285,estk_f5eb165987fe0311f2604b3c6ec43ff2,evt_f5eb165987fe0311,Khris Middleton,NBA,32.67,33.66,8.5,0.23,5.7600,6.0700,7.5500,4.6900
$50 NBA Daily 8/20,2020-08-20T22:36:44.558289,estk_f5eb165987fe0311806121a64c461e99,evt_f5eb165987fe0311,Brook Lopez,NBA,24.32,25.73,7,0.23,5.5200,4.3500,7.3500,4.2200
$50 NBA Daily 8/20,2020-08-20T22:36:44.558302,estk_f5eb165987fe031158d79b9f2662f624,evt_f5eb165987fe0311,Evan Fournier,NBA,26.48,28.14,7.75,0.23,4.7000,4.7900,6.6000,3.5000
$50 NBA Daily 8/20,2020-08-20T22:36:44.558306,estk_f5eb165987fe03115684a141296027b3,evt_f5eb165987fe0311,James Ennis,NBA,19.26,23.58,8.75,0.23,4.4400,3.4100,5.6600,2.7200
$50 NBA Daily 8/20,2020-08-20T22:36:44.558310,estk_f5eb165987fe031104749763bd15faac,evt_f5eb165987fe0311,Eric Bledsoe,NBA,25.55,27.67,8,0.23,4.3700,4.5800,5.5800,3.0600
$50 NBA Daily 8/20,2020-08-20T22:36:44.558314,estk_f5eb165987fe0311f95aa87cc77383be,evt_f5eb165987fe0311,Markelle Fultz,NBA,23.95,19.44,1,0.23,3.9300,4.2500,5.5100,2.6700
$50 NBA Daily 8/20,2020-08-20T22:36:44.558322,estk_f5eb165987fe0311663b3162753394ed,evt_f5eb165987fe0311,Terrence Ross,NBA,20.77,15.49,-0.5,0.23,3.2900,3.6500,4.7800,2.2000
$50 NBA Daily 8/20,2020-08-20T22:36:44.558338,estk_f5eb165987fe0311828daf68b6f4025d,evt_f5eb165987fe0311,George Hill,NBA,19.66,14.14,-1,0.23,3.1200,3.4700,4.6800,2.2000
$50 NBA Daily 8/20,2020-08-20T22:36:44.558345,estk_f5eb165987fe03117d8f05cf2dd6dbea,evt_f5eb165987fe0311,D.J. Augustin,NBA,17.97,14.34,0.5,0.23,2.8700,3.1800,4.8500,1.9600
$50 NBA Daily 8/20,2020-08-20T22:36:44.558357,estk_f5eb165987fe03119076cef21a11902c,evt_f5eb165987fe0311,Donte DiVincenzo,NBA,15.85,19.95,7.75,0.23,2.6000,2.8900,4.5200,1.4000
$50 NBA Daily 8/20,2020-08-20T22:36:44.558368,estk_f5eb165987fe0311b349a48e189ba3d0,evt_f5eb165987fe0311,Pat Connaughton,NBA,15.68,17.82,5.75,0.23,2.5500,2.8300,4.5000,1.4000
$50 NBA Daily 8/20,2020-08-20T22:36:44.558372,estk_f5eb165987fe0311f16014e0a040fe5b,evt_f5eb165987fe0311,Wesley Matthews,NBA,14.75,10.86,-0.5,0.23,2.3700,2.7100,4.4000,1.4000
$50 NBA Daily 8/20,2020-08-20T22:36:44.558376,estk_f5eb165987fe031134e281c85e12c538,evt_f5eb165987fe0311,Khem Birch,NBA,13.28,10.48,0.25,0.23,2.3200,2.5300,4.1400,
$50 NBA Daily 8/20,2020-08-20T22:36:44.558380,estk_f5eb165987fe031155086ea38656fe99,evt_f5eb165987fe0311,Aaron Gordon,NBA,0,0,0,0.23,1.0000,3.4000,2.5200,
$50 NBA Daily 8/20,2020-08-20T22:36:44.561339,estk_f5eb165987fe031112d0c14aa5dfd232,evt_f5eb165987fe0311,Giannis Antetokounmpo,NBA,54.49,56.96,15,0.23,17.9000,7.1200,19.6300,15.9900
$50 NBA Daily 8/20,2020-08-20T22:36:44.561374,estk_f5eb165987fe0311f6c7d554d2fa9f75,evt_f5eb165987fe0311,Nikola Vucevic,NBA,43.84,42.26,8.5,0.23,10.9400,7.0300,12.6300,9.4200
$50 NBA Daily 8/20,2020-08-20T22:36:44.561388,estk_f5eb165987fe0311f2604b3c6ec43ff2,evt_f5eb165987fe0311,Khris Middleton,NBA,32.67,33.66,8.5,0.23,5.7600,6.0700,7.5500,4.6900
$50 NBA Daily 8/20,2020-08-20T22:36:44.561392,estk_f5eb165987fe0311806121a64c461e99,evt_f5eb165987fe0311,Brook Lopez,NBA,24.32,25.73,7,0.23,5.5200,4.3500,7.3500,4.2200
$50 NBA Daily 8/20,2020-08-20T22:36:44.561404,estk_f5eb165987fe031158d79b9f2662f624,evt_f5eb165987fe0311,Evan Fournier,NBA,26.48,28.14,7.75,0.23,4.7000,4.7900,6.6000,3.5000
$50 NBA Daily 8/20,2020-08-20T22:36:44.561408,estk_f5eb165987fe03115684a141296027b3,evt_f5eb165987fe0311,James Ennis,NBA,19.26,23.58,8.75,0.23,4.4400,3.4100,5.6600,2.7200
$50 NBA Daily 8/20,2020-08-20T22:36:44.561411,estk_f5eb165987fe031104749763bd15faac,evt_f5eb165987fe0311,Eric Bledsoe,NBA,25.55,27.67,8,0.23,4.3700,4.5800,5.5800,3.0600
$50 NBA Daily 8/20,2020-08-20T22:36:44.561415,estk_f5eb165987fe0311f95aa87cc77383be,evt_f5eb165987fe0311,Markelle Fultz,NBA,23.95,19.44,1,0.23,3.9300,4.2500,5.5100,2.6700
$50 NBA Daily 8/20,2020-08-20T22:36:44.561423,estk_f5eb165987fe0311663b3162753394ed,evt_f5eb165987fe0311,Terrence Ross,NBA,20.77,15.49,-0.5,0.23,3.2900,3.6500,4.7800,2.2000
$50 NBA Daily 8/20,2020-08-20T22:36:44.561434,estk_f5eb165987fe0311828daf68b6f4025d,evt_f5eb165987fe0311,George Hill,NBA,19.66,14.14,-1,0.23,3.1200,3.4700,4.6800,2.2000
$50 NBA Daily 8/20,2020-08-20T22:36:44.561441,estk_f5eb165987fe03117d8f05cf2dd6dbea,evt_f5eb165987fe0311,D.J. Augustin,NBA,17.97,14.34,0.5,0.23,2.8700,3.1800,4.8500,1.9600
$50 NBA Daily 8/20,2020-08-20T22:36:44.561452,estk_f5eb165987fe03119076cef21a11902c,evt_f5eb165987fe0311,Donte DiVincenzo,NBA,15.85,19.95,7.75,0.23,2.6000,2.8900,4.5200,1.4000
$50 NBA Daily 8/20,2020-08-20T22:36:44.561463,estk_f5eb165987fe0311b349a48e189ba3d0,evt_f5eb165987fe0311,Pat Connaughton,NBA,15.68,17.82,5.75,0.23,2.5500,2.8300,4.5000,1.4000
$50 NBA Daily 8/20,2020-08-20T22:36:44.561466,estk_f5eb165987fe0311f16014e0a040fe5b,evt_f5eb165987fe0311,Wesley Matthews,NBA,14.75,10.86,-0.5,0.23,2.3700,2.7100,4.4000,1.4000
$50 NBA Daily 8/20,2020-08-20T22:36:44.561470,estk_f5eb165987fe031134e281c85e12c538,evt_f5eb165987fe0311,Khem Birch,NBA,13.28,10.48,0.25,0.23,2.3200,2.5300,4.1400,
$50 NBA Daily 8/20,2020-08-20T22:36:44.561474,estk_f5eb165987fe031155086ea38656fe99,evt_f5eb165987fe0311,Aaron Gordon,NBA,0,0,0,0.23,1.0000,3.4000,2.5200,
$50 NBA Daily 8/20,2020-08-20T22:37:45.307271,estk_f5eb165987fe031112d0c14aa5dfd232,evt_f5eb165987fe0311,Giannis Antetokounmpo,NBA,54.49,55.87,15,0.25,17.9000,7.1200,19.6300,15.9900
$50 NBA Daily 8/20,2020-08-20T22:37:45.307315,estk_f5eb165987fe0311f6c7d554d2fa9f75,evt_f5eb165987fe0311,Nikola Vucevic,NBA,43.84,41.38,8.5,0.25,10.9400,7.0300,12.6300,9.4200
$50 NBA Daily 8/20,2020-08-20T22:37:45.307331,estk_f5eb165987fe0311f2604b3c6ec43ff2,evt_f5eb165987fe0311,Khris Middleton,NBA,32.67,33,8.5,0.25,5.7600,6.0700,7.5500,4.6900
$50 NBA Daily 8/20,2020-08-20T22:37:45.307335,estk_f5eb165987fe0311806121a64c461e99,evt_f5eb165987fe0311,Brook Lopez,NBA,24.32,25.24,7,0.25,5.5200,4.3500,7.3500,4.2200
$50 NBA Daily 8/20,2020-08-20T22:37:45.307347,estk_f5eb165987fe031158d79b9f2662f624,evt_f5eb165987fe0311,Evan Fournier,NBA,26.48,27.61,7.75,0.25,4.7000,4.7900,6.6000,3.5000
$50 NBA Daily 8/20,2020-08-20T22:37:45.307352,estk_f5eb165987fe03115684a141296027b3,evt_f5eb165987fe0311,James Ennis,NBA,19.26,23.2,8.75,0.25,4.4400,3.4100,5.6600,2.7200
$50 NBA Daily 8/20,2020-08-20T22:37:45.307356,estk_f5eb165987fe031104749763bd15faac,evt_f5eb165987fe0311,Eric Bledsoe,NBA,25.55,27.16,8,0.25,4.3700,4.5800,5.5800,3.0600
$50 NBA Daily 8/20,2020-08-20T22:37:45.307360,estk_f5eb165987fe0311f95aa87cc77383be,evt_f5eb165987fe0311,Markelle Fultz,NBA,23.95,18.96,1,0.25,3.9300,4.2500,5.5100,2.6700
$50 NBA Daily 8/20,2020-08-20T22:37:45.307368,estk_f5eb165987fe0311663b3162753394ed,evt_f5eb165987fe0311,Terrence Ross,NBA,20.77,15.08,-0.5,0.25,3.2900,3.6500,4.7800,2.2000
$50 NBA Daily 8/20,2020-08-20T22:37:45.307379,estk_f5eb165987fe0311828daf68b6f4025d,evt_f5eb165987fe0311,George Hill,NBA,19.66,17,2.25,0.25,3.1200,3.4700,4.6800,2.2000
$50 NBA Daily 8/20,2020-08-20T22:37:45.307387,estk_f5eb165987fe03117d8f05cf2dd6dbea,evt_f5eb165987fe0311,D.J. Augustin,NBA,17.97,13.98,0.5,0.25,2.8700,3.1800,4.8500,1.9600
$50 NBA Daily 8/20,2020-08-20T22:37:45.307398,estk_f5eb165987fe03119076cef21a11902c,evt_f5eb165987fe0311,Donte DiVincenzo,NBA,15.85,19.14,7.25,0.25,2.6000,2.8900,4.5200,1.4000
$50 NBA Daily 8/20,2020-08-20T22:37:45.307412,estk_f5eb165987fe0311b349a48e189ba3d0,evt_f5eb165987fe0311,Pat Connaughton,NBA,15.68,16.26,4.5,0.25,2.5500,2.8300,4.5000,1.4000
$50 NBA Daily 8/20,2020-08-20T22:37:45.307416,estk_f5eb165987fe0311f16014e0a040fe5b,evt_f5eb165987fe0311,Wesley Matthews,NBA,14.75,10.56,-0.5,0.25,2.3700,2.7100,4.4000,1.4000
$50 NBA Daily 8/20,2020-08-20T22:37:45.307420,estk_f5eb165987fe031134e281c85e12c538,evt_f5eb165987fe0311,Khem Birch,NBA,13.28,11.46,1.5,0.25,2.3200,2.5300,4.1400,
$50 NBA Daily 8/20,2020-08-20T22:37:45.307423,estk_f5eb165987fe031155086ea38656fe99,evt_f5eb165987fe0311,Aaron Gordon,NBA,0,0,0,0.25,1.0000,3.4000,2.5200,
$50 NBA Daily 8/20,2020-08-20T22:37:45.310344,estk_f5eb165987fe031112d0c14aa5dfd232,evt_f5eb165987fe0311,Giannis Antetokounmpo,NBA,54.49,55.87,15,0.25,17.9000,7.1200,19.6300,15.9900
$50 NBA Daily 8/20,2020-08-20T22:37:45.310377,estk_f5eb165987fe0311f6c7d554d2fa9f75,evt_f5eb165987fe0311,Nikola Vucevic,NBA,43.84,41.38,8.5,0.25,10.9400,7.0300,12.6300,9.4200
$50 NBA Daily 8/20,2020-08-20T22:37:45.310392,estk_f5eb165987fe0311f2604b3c6ec43ff2,evt_f5eb165987fe0311,Khris Middleton,NBA,32.67,33,8.5,0.25,5.7600,6.0700,7.5500,4.6900
$50 NBA Daily 8/20,2020-08-20T22:37:45.310396,estk_f5eb165987fe0311806121a64c461e99,evt_f5eb165987fe0311,Brook Lopez,NBA,24.32,25.24,7,0.25,5.5200,4.3500,7.3500,4.2200
